4117 6200
888 614 970 683 Μ).
996 618 1091 684 1481.
1676 617 1740 680 115

232 838 237 849 “
280 829 453 897 Johsnnss
479 830 623 919 Heryng
648 833 740 897 tenet
764 830 896 899 diverse
919 835 1027 898 terras
1041 835 1077 897 et
1092 833 1283 897 tenementa
1297 830 1333 896 in
1349 829 1558 909 Hosrrcnn,
1572 829 1738 898 ineodem

233 920 419 1025 hundredo,
435 941 499 1007 que
514 942 583 988 nen
597 925 757 988 tenentur
781 941 842 1008 per
867 920 1045 989 servicium
1058 919 1212 999 militare,
1227 926 1262 989 et
1288 920 1403 988 valent
1425 941 1634 1009 perannum,
1649 920 1741 987 ultre

232 1030 453 1191 mffimm
478 1125 511 1189 N
514 1124 663 1193 icholaus
689 1122 802 1193 Ocker
825 1129 918 1192 tenet
945 1124 1079 1192 diversa
1105 1130 1211 1192 terras
1234 1129 1268 1190 et
1283 1129 1475 1193 tenementa
1488 1125 1525 1189 in
1541 1030 1739 1201 comasii

232 1234 309 1281 cum
334 1215 550 1302 pertinenciis
577 1216 656 1293 suis,
682 1216 719 1280 in
749 1214 863 1282 eodem
894 1215 1078 1293 hundredo,
1101 1237 1167 1301 que
1196 1235 1264 1280 non
1287 1219 1446 1282 tenentur
1470 1235 1532 1303 per
1561 1214 1738 1281 servicium

231 1303 386 1382 militare,
402 1309 437 1373 et
453 1306 567 1371 valent
582 1326 794 1393 perannum,
809 1304 900 1371 ultra
915 1305 1060 1392 reprises
1216 1340 1233 1353 ·
1420 1341 1437 1356 ·
1616 1341 1629 1354 -
1676 1325 1736 1370 ce.

278 1418 421 1485 Thomas
436 1419 633 1503 Beuumont,
658 1420 700 1487 de
727 1420 922 1497 rodomus,
936 1418 973 1485 in
987 1420 1149 1487 comitatu
1173 1418 1332 1499 novenis,
1346 1414 1505 1497 chivaler‚
1518 1422 1612 1485 tenet
1634 1439 1737 1483 unam

232 1508 446 1667 med-iiiiii&
468 1510 610 1665 dimffi
632 1510 673 1577 de
700 1509 912 1587 Kisamos
927 1509 963 1575 in
987 1510 1101 1575 eedem
1127 1508 1309 1588 hundredo,
1333 1530 1393 1597 per
1417 1507 1596 1576 servicium
1619 1514 1738 1595 quarte

232 1618 448 1781 pWalterus
474 1714 623 1803 Tumay,
648 1715 689 1781 de
715 1713 908 1781 Wolverton
935 1713 972 1779 in
986 1714 1149 1785 comitatu
1165 1713 1293 1793 Wiltce,
1309 1712 1504 1803 gentilman,
1519 1716 1613 1779 tenet
1636 1712 1737 1778 aliam

231 1802 445 1871 medietatem
460 1804 608 1891 ejusdem
623 1804 773 1882 manerii,
787 1826 847 1893 per
862 1804 1039 1870 servicium
1054 1807 1172 1890 quarte
1186 1804 1293 1891 partis
1307 1824 1362 1870 un.
1378 1801 1399 1868 f.
1416 1825 1458 1868 m.

280 1919 449 1997 Ricardus
465 1919 536 1985 dux
560 1919 709 1999 Eboraci,
724 1923 817 1986 tenet
843 1919 1029 1985 manerium
1046 1918 1087 1983 de
1103 1918 1228 1996 wine,
1244 1916 1457 1983 eruourn
1482 1921 1518 1983 et
1540 1917 1737 1991 Poeruorn,

232 2008 323 2094 quod
337 2030 405 2075 non
421 2014 555 2077 tenetur
569 2030 629 2097 per
642 2008 818 2077 servicium
831 2008 986 2087 militare,
1001 2014 1038 2076 et
1059 2009 1151 2075 valet
1164 2029 1224 2095 per
1237 2028 1373 2085 annum,
1387 2006 1477 2073 ultra
1491 2007 1637 2094 reprisae
1668 2094 1680 2159 l
1700 2092 1730 2159 l·

1643 2117 1667 2159 x
1683 2143 1690 2159 .
1713 2116 1738 2161 a

280 2274 367 2343 Item
381 2276 525 2344 ulterius
541 2275 666 2355 dicunt,
682 2278 772 2365 quod
782 2301 835 2344 :-

779 2539 964 2629 [srucrl
986 2539 1201 2627 enormi]

278 2702 454 2773 Predictus
482 2704 652 2772 iohannes
676 2706 810 2794 Govytz
841 2711 934 2773 tenet
948 2707 1081 2772 diversa
1091 2711 1197 2773 terrae
1224 2709 1261 2771 et
1282 2707 1473 2772 tenementa
1499 2702 1535 2767 in
1562 2700 1736 2769 Wvuunss·

233 2809 327 2951 3ιέιέ
343 2794 512 2951 grurus,
528 2796 565 2861 in
589 2796 737 2883 predicto
762 2796 936 2865 hundredo
958 2796 1074 2863 Sancti
1091 2794 1235 2882 Georgii,
1265 2816 1325 2882 per
1346 2792 1524 2859 servicium
1548 2792 1737 2858 medietatis

277 2998 448 3067 Predictus
462 2999 633 3067 Johcnnes
649 2999 773 3067 Carent
799 3004 892 3067 tenet
916 3000 1049 3066 diversa
1073 3004 1236 3065 terreret
1261 3003 1452 3065 tenementa
1467 2998 1503 3061 in
1518 2998 1632 3063 eadem
1656 2998 1737 3064 villa

231 3089 276 3156 de.
287 3087 539 3157 Wvurnenonu
555 3090 718 3169 mmsis,
733 3113 791 3178 per
806 3089 982 3157 servicium
998 3094 1116 3177 quarte
1131 3090 1307 3177 pertisum
1324 3086 1347 3153 i.
1364 3112 1406 3156 in.

274 3203 450 3292 Philippus
473 3205 573 3292 lacy,
587 3206 629 3272 de
645 3205 782 3284 Exonia,
797 3205 833 3270 in
848 3205 1009 3272 comitatu
1031 3206 1191 3284 Devenie,
1205 3203 1357 3292 euuiger,
1373 3208 1466 3271 tenet
1486 3205 1670 3269 manerium
1694 3204 1736 3269 de

230 3293 447 3363 anroan
477 3295 662 3366 Psvsssm
692 3301 727 3366 et
757 3295 989 3377 Mommsen,
1020 3296 1058 3360 in
1094 3295 1208 3362 eodem
1246 3293 1428 3373 hundredo,
1458 3314 1519 3382 per
1557 3293 1735 3366 servicium

230 3383 421 3451 medietatis
435 3406 491 3452 un.
507 3384 529 3450 f.
547 3408 589 3451 m.

277 3497 444 3566 walterus
474 3501 616 3588 Govytz‚
646 3500 688 3567 de
719 3499 946 3588 wynterborn
977 3499 1135 3578 Aeshton‚
1160 3499 1197 3563 in
1234 3498 1351 3565 eodem
1380 3497 1551 3578 comitatu,
1580 3497 1733 3584 miger,

228 3593 334 3744 tangit²3
347 3591 533 3746 &merlinum
559 3591 601 3657 de
629 3590 888 3669 Pounvunsrom
916 3591 953 3657 in
979 3589 1094 3657 eodem
1117 3588 1299 3667 hundreda
1323 3609 1384 3676 per
1411 3587 1589 3657 servicium
1616 3593 1733 3676 quarte

227 3699 445 3862 paPredictus
461 3731 668 3862 Humfredus
683 3795 838 3874 Stefford,
852 3795 1008 3873 chistelet,
1024 3800 1118 3862 tenet
1144 3795 1277 3862 diverse
1290 3799 1399 3860 terras
1424 3799 1460 3860 et
1482 3799 1675 3862 tenementa
1696 3795 1733 3860 in

229 3881 453 3964 Ossismos,
469 3886 504 3951 in
520 3886 634 3952 ecdem
650 3886 831 3964 hundreda
846 3908 905 3975 per
920 3884 1098 3952 servicium
1113 3890 1230 3952 cctave
1245 3885 1351 3972 partis
1365 3906 1421 3949 un.
1436 3884 1459 3950 f.
1476 3905 1518 3951 m.

273 3997 417 4065 Thomas
455 3999 625 4088 Bouryng,
654 4001 842 4087 capellanus
880 4001 1027 4067 centurie
1063 4000 1104 4065 de
1134 3999 1273 4066 Wettcn
1311 3998 1479 4076 Glcmviil,
1509 3998 1546 4062 in
1583 3999 1733 4086 predicte

228 4089 391 4155 comitatu
415 4087 563 4168 Dorsete,
591 4096 683 4156 tenet
712 4091 845 4156 diversa
874 4095 981 4156 terres
1004 4095 1040 4155 et
1066 4094 1256 4156 tenementa
1286 4088 1322 4152 in
1353 4087 1523 4166 roseros,
1550 4087 1586 4154 in
1615 4089 1732 4154 eedem

229 4178 413 4256 hundredo,
439 4181 634 4246 amortisata
658 4179 764 4246 eidem
792 4179 948 4259 cantaris
975 4180 1062 4246 citra
1092 4179 1277 4266 predictum
1307 4198 1433 4244 annum
1463 4178 1666 4254 vicesimum,
1697 4184 1732 4246 et

228 4272 388 4334 tenentur
402 4289 461 4356 per
476 4269 652 4336 servicium
668 4268 858 4337 medietatis
872 4290 927 4334 un.
945 4267 968 4334 f.
984 4291 1026 4334 m.
1733 4330 1735 4335 .

273 4380 431 4462 Oristina,
448 4404 512 4469 que
538 4383 606 4450 fuit
629 4405 713 4449 uxor
741 4383 905 4450 Johnnnis
931 4382 954 4450 J
956 4383 1073 4460 urdnn,
1095 4382 1136 4448 de
1152 4381 1338 4458 Wclveton,
1353 4382 1389 4446 in
1404 4380 1565 4446 comitatu
1581 4379 1730 4458 Dcrseta

228 4470 384 4549 wedewe,
399 4477 493 4540 tenet
507 4472 640 4540 diversa
666 4478 772 4541 temes
799 4479 834 4540 et
860 4475 1053 4539 tenementis
1066 4473 1103 4537 in
1118 4470 1330 4549 warrior,
1345 4471 1382 4535 in
1408 4468 1522 4536 ecdem
1546 4469 1731 4548 hundredo,

225 4581 286 4648 per
300 4561 477 4628 servicium
492 4569 610 4631 octave
626 4564 730 4651 partis
745 4585 801 4632 un.
817 4562 841 4629 f.
857 4585 898 4628 m

271 4675 444 4744 Predictua
460 4675 667 4764 Reginaldus
682 4675 777 4744 West
801 4681 895 4744 tenet
920 4677 1054 4743 diversa
1067 4680 1174 4743 terras
1200 4679 1235 4741 et
1261 4677 1453 4740 tenemente
1466 4671 1503 4737 in
1518 4672 1633 4740 eadem
1649 4673 1731 4740 villa

226 4764 269 4831 de
286 4764 496 4846 Wonvnuurs,
511 4787 572 4856 per
585 4767 764 4834 servicium
781 4772 897 4834 octave
912 4768 1019 4854 pertis
1034 4789 1089 4833 un.
1105 4767 1127 4833 f.
1143 4787 1185 4832 m.

269 4880 437 4960 Johunnrs,
464 4902 529 4968 que
556 4881 624 4948 tuit
650 4903 736 4948 uxor
762 4881 901 4950 Rcberti
930 4887 1000 4949 atie
1031 4881 1132 4958 More,
1160 4880 1202 4945 de
1232 4877 1458 4964 Styntestord,
1494 4877 1531 4942 in
1572 4880 1733 4946 comitatu

225 4969 374 5050 Dorsete,
389 4971 544 5050 wodese,
560 4975 653 5038 tenet
679 4972 863 5038 manerium
888 4971 929 5037 de
956 4971 1081 5037 incus
1096 4970 1324 5048 Wm'rnmn,
1350 4969 1386 5033 in
1413 4966 1528 5035 eodem
1550 4969 1733 5047 hundredo,

224 5074 286 5147 per
300 5059 477 5128 servicium
492 5061 682 5128 medietatis
697 5083 752 5129 un
770 5059 793 5127 t.
809 5082 851 5127 m.

275 5173 400 5242 Eadem
426 5175 585 5242 Johanna
608 5181 701 5242 tenet
726 5176 912 5241 manerium
939 5176 980 5241 de
1007 5173 1267 5252 Srvurrsronn,
1281 5173 1318 5238 in
1345 5173 1459 5238 eodem
1474 5171 1658 5251 hundredo,
1674 5193 1734 5260 per

225 5265 406 5334 servicium
421 5266 523 5332 unius
537 5265 661 5353 integri
677 5264 766 5332 feodi
781 5266 907 5331 militis

271 5379 396 5448 Eadem
411 5380 434 5448 J
435 5381 571 5446 ohanne
583 5384 677 5447 tenet
691 5381 876 5446 manerium
886 5379 927 5447 de
942 5377 1068 5444 From
1079 5379 1368 5456 Bossvmsms,
1378 5377 1415 5442 in
1424 5375 1540 5443 eodem
1551 5374 1736 5454 hundredo,

225 5489 285 5557 per
298 5471 477 5542 servicium
492 5470 684 5538 medietatis
700 5492 754 5538 un.
770 5471 794 5538 f.
810 5492 852 5537 m.

1533 5595 1559 5642 n
1583 5582 1602 5643 2
