4117 6200
319 542 362 607 10
930 590 933 600 ·
981 541 1168 612 Dossuu

359 755 506 822 Heredes
523 754 681 822 Willelmi
695 756 737 822 de
752 754 1008 842 Apuldurffeld]
1028 761 1146 824 tenent
1160 759 1277 825 villam
1304 760 1345 827 de
1361 761 1512 828 Moamu
1537 763 1579 830 de
1602 763 1757 832 Iohanne
1779 767 1820 834 de

311 846 436 934 Burgo,
453 851 488 912 et
501 846 670 932 predictus
686 844 856 912 Iohannes
871 845 912 910 de
928 845 1061 911 domino
1077 868 1153 934 rege
1168 849 1188 912 i.
1205 869 1231 914 a

354 959 522 1027 lohannes
536 960 578 1025 de
593 958 688 1025 Valle
703 958 806 1024 'l'crta
820 961 912 1025 tenet
927 959 1141 1027 medietatem
1155 961 1236 1028 ville
1251 963 1293 1028 de
1309 963 1523 1036 ΚΝΥΒΤΕΤΟΝ
1547 975 1582 1037 et
1597 970 1759 1037 Buuluou
1781 973 1818 1038 in

309 1050 478 1138 serjantis,
494 1055 529 1116 et
542 1053 715 1114 arrentata
730 1053 781 1114 est
795 1049 839 1114 ad
854 1048 922 1135 viij.
933 1069 957 1115 e.
974 1049 1033 1137 iiij.
1046 1048 1078 1116 d.
1093 1071 1155 1136 per
1169 1074 1306 1120 annum.

355 1165 401 1230 Et
415 1186 529 1232 omnes
544 1163 622 1230 ville
637 1163 784 1251 predicte
799 1168 879 1231 sunt
893 1163 1091 1252 guldabilcs,
1106 1165 1168 1233 dcc.

352 1467 404 1535 De
418 1467 581 1557 religiosis
596 1471 631 1534 ct
644 1466 729 1548 aliis,
743 1469 799 1536 dcc.
845 1467 972 1536 Dicunt
988 1468 1141 1556 quod:—

353 1794 440 1860 Item
466 1794 568 1862 abbas
592 1795 634 1862 de
649 1795 813 1884 Bynedcn
837 1796 960 1863 clamat
983 1816 1097 1862 omnes
1123 1796 1294 1863 libertates
1320 1796 1485 1882 predictas
1509 1794 1601 1861 inira
1626 1795 1816 1862 libertatem

306 1884 472 1951 Jchannis
495 1886 536 1951 de
563 1884 661 1952 Novo
689 1886 811 1972 Burgo,
838 1907 896 1972 per
920 1889 1048 1950 cartam
1072 1886 1199 1951 domini
1223 1885 1311 1971 regis
1335 1907 1434 1963 nunc,
1449 1884 1571 1970 quibus
1598 1883 1815 1953 libertatibus

307 1974 417 2041 dictus
445 1975 619 2041 Iohannes
649 1979 748 2040 antea
777 1995 859 2040 usus
890 1974 965 2052 tuit,
995 1974 1121 2040 scilicet
1151 1975 1187 2039 in
1219 1974 1318 2040 terris
1347 1974 1417 2040 suis
1446 1975 1488 2039 de
1522 1973 1743 2042 Gauranos
1781 1976 1816 2036 et

307 2063 525 2130 cmrvmor
540 2063 630 2148 (eie),
639 2064 890 2143 Luamwoars,
906 2063 1044 2140 Bucar,
1054 2063 1162 2143 Ysm,
1174 2061 1427 2146 Wonusrnann,
1438 2065 1577 2142 Wmm,
1592 2064 1815 2140 ersrmcu,

306 2157 340 2219 et
359 2153 536 2232 anemos,
552 2157 587 2220 st
602 2152 800 2231 wmrron,
815 2159 850 2221 et
866 2152 1048 2220 Grunrou.

349 2480 436 2548 Item
451 2481 561 2570 siquid
577 2481 681 2548 tuerit
707 2481 916 2548 subtractum
943 2479 1079 2546 domino
1103 2479 1184 2566 regi,
1208 2479 1264 2547 &a
1310 2477 1439 2546 Dicunt
1453 2480 1543 2564 quod
1558 2478 1748 2547 willelmus
1772 2483 1814 2548 dc

304 2569 411 2638 Cerne
434 2576 470 2638 et
495 2571 661 2640 Henricus
699 2571 731 2637 le
755 2571 886 2636 Taillur
918 2569 1159 2635 subtraxerunt
1184 2568 1221 2633 in
1248 2568 1330 2634 villa
1355 2568 1396 2634 de
1420 2568 1622 2634 Swmwvz
1645 2569 1745 2658 xiid
1773 2571 1814 2638 de

304 2661 431 2728 auxilio
445 2660 647 2730 vicecomitis
663 2661 706 2727 ad
720 2659 989 2747 purificacicnem
1003 2658 1100 2724 beate
1116 2658 1222 2722 Marie
1232 2657 1305 2744 jam
1320 2679 1381 2745 per
1396 2657 1544 2744 quinque
1559 2681 1678 2726 annos.

270 3013 275 3026 '
346 3015 398 3082 De
412 3015 579 3104 serjantiis
599 3016 753 3084 alienatis
777 3015 833 3084 dcc.
879 3015 1007 3084 Dicunt
1033 3016 1123 3103 quod
1142 3013 1304 3081 Iohanne
1332 3016 1374 3081 de
1390 3013 1560 3103 Gyvelton
1588 3017 1684 3082 tenet
1707 3037 1809 3082 unam

302 3106 468 3195 virgatam
484 3112 580 3186 terre,
597 3111 632 3174 et
646 3106 820 3173 dimidiam
835 3107 872 3172 in
887 3106 1131 3187 ΕετΒΰΒποΝ,
1145 3128 1213 3172 non
1228 3111 1442 3173 amentatum

346 3218 433 3286 Item
457 3221 594 3287 heredes
622 3220 778 3287 Willelmi
803 3222 845 3286 de
871 3219 1093 3308 Apeldurield
1115 3224 1232 3287 tenent
1256 3220 1293 3285 in
1311 3219 1489 3286 leaaon
1515 3240 1617 3286 unam
1644 3220 1810 3308 virgatam

301 3309 729 3467 {cerffggugefluietwagentata
751 3310 788 3375 in
803 3315 877 3379 octo
901 3310 1025 3389 solidis,
1039 3314 1093 3377 set
1108 3310 1262 3378 dominus
1277 3332 1340 3377 rex
1353 3310 1458 3378 nichil
1472 3310 1551 3378 inde
1569 3312 1717 3399 percepit
1734 3315 1810 3399 post

585 3728 821 3795 Huunanuuu
844 3746 945 3796 sums
968 3744 1014 3794 nn
1039 3727 1507 3796 GOTHERNETHORNII

344 3896 535 3983 Stephanus
550 3897 592 3964 de
607 3896 776 3975 Bonevile‚
790 3898 814 3963 J
815 3897 961 3965 ohannes
975 3897 1126 3979 dusacre,
1142 3899 1305 3967 Ricardua
1319 3903 1361 3967 de
1375 3900 1569 3989 Bingeham‚
1584 3901 1752 3968 Rcbertus
1765 3903 1807 3968 de

298 4014 495 4102 Billeshuge,
522 4012 662 4099 Egidius
684 4012 822 4093 Tenere,
838 4012 1025 4080 Edwardus
1051 4016 1092 4080 de
1108 4015 1292 4102 Upatertel,
1309 4016 1472 4084 Ricardus
1497 4018 1538 4083 de
1565 4018 1688 4095 eadem,
1704 4018 1807 4105 Elyea

299 4127 436 4205 Tenere,
457 4126 628 4194 Iohannes
655 4126 784 4218 Mogge,
811 4128 980 4195 Robertus
995 4129 1112 4208 (iamet,
1136 4130 1306 4199 Iohannes
1330 4132 1417 4198 Vina
1443 4136 1479 4199 et
1505 4132 1672 4201 Robertus
1698 4134 1807 4214 luite,

292 4243 469 4331 juratores,
483 4242 601 4312 dicunt
614 4268 670 4311 :—

340 4623 429 4690 Item
455 4626 537 4709 quot
561 4620 678 4687 villata
702 4623 840 4688 suntin
865 4621 1040 4688 hundredo
1064 4622 1224 4709 predicto,
1239 4622 1296 4689 &c
1351 4622 1487 4702 Dirunt,
1512 4624 1602 4711 quod
1627 4626 1665 4692 in
1690 4626 1804 4694 eodem

295 4710 469 4779 hundredo
495 4717 575 4778 sunt
591 4710 707 4777 villata
733 4710 925 4799 subscripta,
941 4710 1075 4789 seilicet,
1101 4711 1389 4791 Amnumcrouu
1412 4735 1477 4800 que
1502 4720 1554 4781 eet
1578 4736 1647 4782 una
1672 4716 1804 4797 decena,

294 4823 394 4890 quam
410 4802 529 4869 Avicia
544 4802 586 4867 de
602 4800 845 4867 Mortesthome
859 4803 954 4867 tenet
968 4801 1010 4866 de
1025 4799 1194 4866 Willelmo
1208 4800 1336 4882 Russel‚
1352 4808 1387 4870 et
1402 4803 1492 4871 idem
1507 4804 1695 4873 Willelmus
1710 4813 1804 4876 tenet

295 4893 420 4959 dictam
435 4892 587 4958 villatam
604 4890 645 4956 de
661 4890 795 4957 dominc
811 4890 923 4978 regei.
941 4910 967 4957 e.
983 4910 1044 4977 per
1057 4890 1235 4956 servicium
1250 4891 1292 4957 di
1308 4892 1333 4959 f.
1348 4915 1391 4959 m.

339 5007 427 5073 Item
460 5006 646 5087 Watmcfl,
677 5026 777 5091 quam
808 5004 978 5071 Jchannes
1010 5004 1053 5071 de
1082 5004 1276 5084 Milebcrne,
1307 5006 1480 5075 Galil-idus
1510 5008 1552 5075 dc
1583 5010 1803 5092 Wrcckesalc‚

294 5098 460 5165 Henricus
486 5097 528 5163 de
544 5095 749 5162 Kentecomb
773 5099 809 5160 et
824 5093 989 5161 Hemicus
1012 5092 1146 5161 Scirard
1173 5100 1291 5162 tenent
1316 5098 1358 5164 de
1373 5098 1519 5165 Roberto
1534 5099 1605 5165 filio
1620 5099 1754 5191 Pagani,
1768 5109 1804 5169 et

293 5188 381 5256 idem
396 5187 562 5253 Rcbertus
577 5186 618 5251 ds
633 5185 767 5250 dominc
782 5206 858 5272 rege
874 5184 895 5249 i.
910 5205 936 5250 c.
952 5205 1013 5272 per
1028 5184 1116 5250 idem
1132 5186 1319 5254 servicium.

337 5303 424 5370 Item
450 5300 640 5377 sermore,
655 5320 756 5383 quam
773 5296 920 5365 Thomas
947 5300 989 5366 de
1006 5300 1135 5389 Gorgee
1159 5308 1254 5370 tenet
1280 5303 1322 5370 de
1345 5305 1516 5372 comitissa
1546 5305 1755 5388 Albemarlie‚
1766 5313 1803 5375 et

292 5394 406 5463 eadem
422 5390 589 5461 ecmibisse
603 5388 644 5455 de
658 5387 793 5455 dominc
807 5411 883 5477 rege
898 5389 918 5456 i.
936 5410 962 5457 c
978 5412 1037 5478 per
1051 5391 1228 5459 servicium
1243 5392 1286 5459 di.
1302 5393 1325 5458 I
1342 5414 1384 5459 m.
