4117 6200
907 624 990 693 AJ).
1015 628 1110 693 1428.
1703 632 1746 697 99

286 838 402 908 Porcio
418 840 555 909 sacriste
570 843 606 907 in
622 842 737 909 eadem
753 842 795 929 vj.
812 862 946 909 marcas.

287 953 369 1039 [lta
383 954 482 1025 αὸουσ
497 955 624 1024 cotetae
638 979 697 1025 ure
712 954 887 1023 cancellari.
934 954 1041 1040 Nota]
1057 954 1260 1023 cancellatur
1283 954 1347 1037 hic,
1363 956 1443 1041 quia
1458 954 1599 1023 inferius
1613 956 1745 1043 plenius

241 1050 390 1131 apparet.

289 1157 338 1225 De
363 1160 476 1247 aliquo
500 1162 691 1247 hujusmodi
716 1161 864 1228 subsidio
890 1159 1055 1246 porcionis
1086 1160 1202 1227 decani
1227 1160 1268 1224 de
1294 1158 1522 1246 Wymbourne
1552 1161 1588 1225 in
1621 1161 1745 1238 eudem,

244 1247 462 1316 Krnonsror
479 1256 514 1318 et
529 1252 737 1329 Smswrx,
753 1273 817 1339 que
833 1252 876 1317 ad
892 1251 937 1317 xl.
954 1272 1083 1316 marcas
1099 1250 1139 1315 ab
1155 1251 1294 1335 antiquo
1305 1254 1529 1329 taxatur,non
1544 1252 1746 1337 respondent

245 1360 284 1403 eo
308 1340 397 1425 quod
421 1340 523 1407 iidem
548 1342 735 1409 collectores
764 1340 894 1408 nullum
921 1340 1111 1425 hujusmodi
1141 1339 1325 1406 subsidium
1352 1340 1430 1407 inde
1460 1340 1659 1406 levaverrmt
1684 1362 1746 1407 nec

244 1428 357 1495 levare
381 1434 573 1516 potuerunt,
594 1437 633 1497 ut
656 1432 774 1499 dicunt
799 1454 898 1517 super
921 1434 1166 1496 sacramentum
1194 1450 1302 1506 sunm,
1327 1452 1388 1517 pro
1413 1452 1452 1496 eo
1476 1430 1565 1517 quod
1590 1442 1746 1515 expressa

245 1518 374 1585 mencio
398 1520 434 1584 in
460 1520 558 1587 dictis
582 1522 689 1589 literis
717 1522 805 1610 regis
830 1520 1023 1607 patentibus
1047 1520 1170 1586 eisdem
1197 1519 1425 1586 collectoribus
1450 1521 1527 1587 inde
1554 1520 1690 1586 directis
1703 1520 1746 1587 de

245 1607 360 1694 aliquo
383 1608 573 1695 hujusmodi
607 1611 755 1679 subsidio
789 1610 830 1675 de
862 1609 1029 1695 aliquibus
1061 1608 1271 1696 porcionibus
1301 1610 1453 1676 levandis
1490 1632 1557 1676 non
1594 1610 1745 1676 babetur.

249 1696 380 1785 [Wbolc
395 1706 494 1785 eote-y
509 1700 632 1767 erased.
678 1698 787 1788 Nota]
805 1700 1096 1787 Superonerantur
1109 1700 1151 1765 de
1167 1698 1226 1784 liij.
1237 1721 1260 1764 e.
1277 1698 1336 1785 iiij.
1351 1700 1383 1766 d.

292 1811 327 1877 N
327 1834 364 1879 ec
379 1815 580 1901 respondent
594 1816 636 1882 de
651 1815 761 1901 uliquo
777 1814 965 1901 hujusmodi
990 1812 1139 1881 subsidio
1159 1813 1249 1900 iiijor.
1264 1814 1508 1900 prebendarum
1523 1816 1746 1901 predictarum

247 1900 284 1965 in
301 1902 414 1967 eadem
430 1904 564 1971 ecclesie
587 1906 628 1970 de
644 1904 890 1983 Wrusousrus,
907 1925 1049 1991 quarum
1074 1903 1220 1990 qualibet
1237 1904 1414 1969 estimatur
1428 1904 1471 1969 ad
1487 1927 1541 1969 xv.
1558 1926 1692 1981 marcas,
1709 1927 1747 1970 co

247 1992 338 2075 quod
352 1997 433 2059 sunt
456 1994 621 2080 prebende
639 1995 675 2060 in
700 1995 784 2061 lsico
809 1994 908 2060 feodo
933 1993 1074 2061 fundate
1091 2000 1125 2060 et
1139 1993 1331 2071 constitute,
1346 1998 1380 2060 et
1395 1994 1484 2079 quod
1499 2016 1565 2057 non
1582 2000 1671 2071 sunt,
1689 2016 1748 2060 nec

245 2080 359 2167 aliqua
374 2104 486 2147 corum
503 2089 564 2164 cst,
580 2091 640 2149 aut
656 2090 804 2172 tempore
819 2086 1038 2152 concessionis
1065 2083 1203 2148 subsidii
1231 2084 1379 2167 predicti,
1394 2106 1450 2167 seu
1475 2088 1598 2170 postea,
1614 2084 1748 2149 fuerunt

249 2170 303 2235 vel
318 2170 386 2236 fuit
400 2173 513 2258 alique
529 2174 661 2240 ecclesie
676 2174 730 2239 vel
758 2174 903 2251 ecclesia,
919 2176 1040 2262 quibus
1065 2174 1118 2238 vel
1145 2173 1198 2239 cui
1223 2172 1333 2258 alique
1350 2173 1504 2260 purocbie
1520 2174 1575 2239 vel
1590 2175 1749 2260 parochia

244 2260 417 2345 pertinent
443 2263 497 2329 vel
524 2264 667 2349 pertinet
691 2264 733 2329 de
757 2285 899 2350 quarum
916 2264 969 2331 vel
995 2265 1037 2329 de
1063 2262 1156 2345 cujus
1172 2263 1381 2348 parochianis
1400 2262 1535 2348 aliquod
1557 2264 1747 2349 hujusmodi

246 2349 431 2416 subsidium
459 2352 570 2419 levare
595 2375 653 2419 seu
686 2354 930 2421 districcionem
962 2376 1021 2442 pro
1053 2352 1166 2417 eodem
1183 2372 1300 2437 capere
1331 2358 1514 2438 potuerunt
1544 2354 1597 2419 vel
1629 2354 1749 2439 aliquis

247 2460 361 2505 eorum
391 2442 511 2527 potuit,
542 2454 581 2510 ut
611 2444 736 2521 dicunt,
767 2466 866 2531 super
896 2446 1141 2510 sacramentum
1172 2462 1280 2518 suum,
1310 2440 1466 2506 videlicet
1500 2440 1603 2528 juxta
1640 2447 1748 2508 ratam

246 2530 431 2597 taxucionis
445 2532 601 2617 predicte.
649 2531 778 2619 [Wbole
793 2540 893 2618 eatrp
910 2532 1034 2599 erased.
1080 2530 1187 2614 Nota]
1204 2529 1671 2616 Supemneranturde111J.li.

293 2644 364 2711 Nec
379 2648 580 2733 respondent
595 2649 636 2714 de
651 2647 764 2735 aliquo
779 2649 969 2734 hujusmodi
996 2646 1145 2715 subsidio
1161 2645 1327 2732 porcionis
1342 2645 1479 2711 sacriste
1493 2646 1529 2709 in
1545 2646 1669 2723 eedem,
1685 2668 1749 2733 que

247 2734 291 2799 ed
307 2734 351 2820 vj.
367 2757 495 2802 marcas
510 2737 554 2803 di.
570 2737 621 2803 ab.
638 2739 778 2824 antiquo
799 2744 946 2816 taxatur,
963 2760 1002 2804 eo
1029 2736 1118 2823 quod
1144 2736 1246 2800 iidem
1271 2735 1461 2801 collectores
1488 2736 1618 2800 nullum
1634 2735 1749 2822 hujus-

247 2824 339 2889 modi
364 2826 550 2893 subsidium
574 2828 652 2894 inde
677 2828 875 2894 levaverunt
900 2850 961 2895 nec
985 2827 1098 2893 levare
1121 2830 1310 2912 potuerunt,
1330 2847 1391 2911 pro
1417 2847 1456 2891 eo
1479 2826 1569 2909 quod
1594 2847 1751 2912 expressa

247 2914 375 2980 mencio
399 2915 435 2979 in
450 2916 549 2982 dictis
574 2917 681 2983 literis
705 2918 794 3005 regis
819 2918 1012 3004 patentibus
1038 2917 1161 2982 eisdem
1188 2914 1417 2981 collectoribus
1442 2915 1520 2981 inde
1546 2915 1682 2983 directis
1709 2917 1750 2982 de

182 3062 187 3071 .
247 3004 360 3089 aliquo
395 3004 586 3089 hujusmodi
616 3006 765 3073 subsidio
796 3007 836 3073 de
867 3007 1037 3093 aliquibus
1078 3005 1289 3092 porcionibus
1318 3004 1463 3071 levando
1493 3027 1562 3071 non
1595 3005 1748 3074 habetur.

249 3091 381 3182 [Wtoa
397 3101 499 3182 cuiry
514 3094 638 3164 mascd.
684 3098 792 3182 Nota]
812 3096 1105 3187 Superonersntur
1119 3096 1160 3162 de
1174 3094 1244 3180 viij.
1254 3118 1277 3161 s.
1296 3094 1364 3181 viij.
1380 3092 1413 3162 d.

425 3237 591 3304 Summa·
773 3275 786 3287 ·
967 3275 980 3289 -
1161 3272 1174 3286 ·
1221 3233 1279 3318 vij.
1293 3233 1330 3299 u.
1347 3233 1416 3320 viij.
1428 3254 1452 3300 s.
1469 3233 1537 3320 viij.
1551 3233 1583 3302 cl.

779 3504 929 3570 Nonum
953 3503 1230 3568 Paneasnmuu.

295 3653 469 3723 Prehenda
494 3657 536 3724 da
557 3657 659 3724 Lrun
683 3679 756 3726 cum
780 3657 907 3746 capella
931 3656 971 3724 de
999 3657 1194 3724 Hossrows
1221 3653 1535 3822 abprxumarcas
1559 3657 1752 3727 Subsidium

336 3748 474 3833 antiquo
490 3753 629 3814 taxatur
644 3749 686 3816 sd
804 3787 816 3798 -
953 3782 965 3795 -
1101 3784 1115 3796 -
1250 3783 1265 3796 ν
1343 3747 1495 3832 xxxiij.s.
1511 3747 1613 3835 iiij.d.

294 3858 424 3927 Vicsria
438 3861 586 3948 ejusdem
601 3864 799 3951 abantiquo
815 3867 955 3929 taxatur
970 3861 1014 3928 nd
1029 3883 1096 3928 ae.
1225 3898 1239 3913 ·
1419 3898 1432 3911 ·
1478 3862 1672 3930 Subsidium
1686 3886 1753 3930 ne.

295 3973 466 4044 Prehenda
481 3977 522 4044 de
538 3977 795 4045 Curunnsroxn
812 3978 856 4044 ab
872 3979 1011 4064 antiquo
1028 3981 1167 4043 texatur
1180 3973 1224 4042 ad
1240 3974 1349 4063 xxiiij.
1366 3997 1493 4042 marcas

1402 4065 1596 4133 Subsidium
1611 4069 1715 4157 xxxij.
1729 4093 1752 4138 s.

295 4175 428 4245 Vicetia
443 4179 590 4266 ejusdem
607 4183 650 4248 ub
665 4184 803 4270 antiquo
818 4188 957 4250 taxatur
971 4182 1013 4247 ad
1029 4203 1088 4248 cs.
1113 4220 1128 4233 ·
1263 4215 1275 4230 ·
1412 4213 1427 4228 ·
1473 4181 1667 4249 Subsidium
1682 4207 1714 4252 x.
1727 4207 1753 4252 e.

298 4290 471 4362 Prehenda
485 4296 527 4363 de
543 4295 684 4364 tonans
699 4319 775 4366 cum
790 4297 917 4386 capella
930 4297 974 4364 ab
989 4297 1129 4383 antiquo
1143 4300 1282 4364 taxatur
1296 4296 1339 4361 ad
1355 4317 1438 4363 xxx.
1454 4318 1598 4451 ιέειιῇοζιῗίΙ
1673 4389 1709 4453 x]

1489 4407 1511 4452 n
1552 4407 1657 4452 rrum
1710 4411 1754 4456 .e.

298 4496 431 4564 Vican'a
446 4499 594 4586 ejusdem
610 4503 653 4569 ab
668 4504 807 4590 antiquo
822 4507 960 4570 taxatur
974 4503 1018 4568 ad
1034 4523 1060 4570 c.
1071 4524 1096 4568 e.
1120 4541 1130 4554 ·
1269 4538 1282 4550 ·
1417 4534 1431 4546 -
1477 4498 1672 4567 Subsidium
1686 4525 1720 4572 m
1730 4527 1756 4571 s.

296 4611 469 4680 Prehenda
484 4615 526 4683 de
541 4617 730 4684 Bnnrsrnn
744 4617 787 4684 ab
802 4620 942 4705 antiquo
956 4621 1096 4686 taxatur
1111 4616 1154 4682 ad
1169 4615 1214 4681 lm
1227 4613 1264 4680 a:
1393 4649 1407 4660 ·
1451 4611 1646 4682 Subsidium
1660 4619 1705 4705 vj.
1716 4618 1756 4688 lc'.

298 4727 433 4794 Vicaria
448 4729 596 4817 ejusdem
612 4733 655 4798 ab
670 4733 810 4819 antiquo
826 4737 967 4801 taxatur
982 4733 1025 4799 ad
1042 4754 1098 4798 xx.
1115 4751 1243 4798 marcas
1288 4726 1482 4795 Subsidium
1497 4731 1592 4817 xxvj.
1603 4755 1629 4798 a.
1647 4733 1714 4822 viij.
1724 4735 1758 4804 d.

297 4841 434 4930 (lapella
449 4845 491 4910 de
506 4845 743 4914 Murenam
758 4848 955 4936 abantiquo
970 4853 1110 4916 texatur
1124 4847 1167 4913 ad
1183 4869 1208 4913 c
1219 4869 1245 4914 a
1270 4885 1283 4898 ·
1419 4882 1432 4895 ·
1479 4846 1673 4915 Subsidium
1688 4875 1720 4917 r
1731 4874 1757 4920 a.

299 4955 472 5025 Prebenda
487 4960 529 5027 de
544 4962 643 5028 Brun
658 4968 694 5030 et
709 4962 948 5032 Cnmrsrss
963 4965 1006 5030 ab
1021 4964 1161 5049 antiquo
1176 4967 1315 5028 taxatur
1328 4960 1371 5027 ad
1387 4984 1412 5029 c.
1423 4961 1462 5029 li.

1472 5052 1665 5120 Subsidium
1676 5057 1759 5124 all.

299 5160 434 5229 Vicen's
449 5163 597 5250 ejusdcm
612 5168 655 5235 ab
670 5169 810 5257 antiquo
825 5174 963 5237 texetur
977 5169 1020 5234 ad
1036 5189 1094 5236 aa.
1123 5207 1138 5219 -
1271 5205 1287 5220 ·
1422 5168 1677 5238 -Subsidium
1692 5195 1760 5242 κε.

300 5275 474 5346 Prebende
488 5280 530 5346 de
545 5280 785 5352 Ys‘rurusruu
801 5290 836 5354 et
851 5285 1065 5352 Gurusrsns
1081 5282 1278 5369 abantiquo
1294 5287 1432 5349 taxatur
1446 5282 1496 5438 a}
1505 5306 1730 5443 ἵειιάιηαιοιῗ

1497 5394 1521 5438 u
1563 5399 1571 5439 1
1597 5397 1666 5440 rum
1683 5399 1706 5440 x
1736 5399 1761 5443 a

299 5481 438 5572 (lapella
453 5486 496 5553 de
512 5485 668 5556 (lemur
683 5490 727 5556 ab
742 5490 881 5577 antiquo
896 5494 1036 5557 taxatur
1050 5489 1093 5556 ad
1109 5512 1143 5556 x.
1160 5509 1287 5555 marcas
1332 5486 1525 5554 Subsidium
1538 5489 1607 5574 xiij.
1620 5511 1644 5553 e.
1659 5489 1718 5572 iiij.
1730 5489 1762 5556 d.

1562 5620 1585 5668 α
1609 5607 1629 5667 2
