4117 6200
903 614 986 680 ul).
1012 616 1106 678 1428.
1688 616 1749 680 351

290 904 448 968 Robartue
470 905 658 970 Bodenham
687 909 779 972 tenet
808 907 843 989 ij.
870 906 893 971 f.
920 928 965 971 m.
991 907 1026 970 in
1059 906 1215 986 Sanum,
1239 909 1325 992 quod
1356 903 1550 971 Edmundur
1579 904 1746 971 Hakeelut

248 992 412 1077 quondam
426 995 547 1059 tenuit.

290 1128 473 1193 willelmus
500 1130 694 1195 Alisaundre
731 1136 767 1194 et
803 1131 963 1195 Robertue
992 1131 1085 1216 Peny
1114 1135 1230 1196 tenent
1260 1132 1305 1197 di.
1337 1132 1360 1198 f.
1392 1151 1437 1197 m.
1469 1132 1505 1195 in
1539 1131 1684 1200 Simuorr
1714 1137 1749 1197 et

248 1216 470 1297 Tenwoumn,
486 1217 572 1300 quod
586 1217 749 1283 lohannes
764 1219 795 1282 le
811 1219 907 1303 Duyn
923 1219 1087 1303 quondam
1103 1221 1222 1284 tenuit.

292 1354 452 1420 liebertus
475 1355 662 1420 Bodenham
691 1360 784 1421 tenet
793 1357 822 1442 j.
838 1357 862 1424 f.
879 1377 925 1423 m.
942 1359 978 1421 in
1008 1355 1283 1444 S[N]0nrrrur0rr,
1308 1358 1393 1442 quod
1420 1357 1590 1423 Gilbertua
1616 1357 1750 1442 Coundy

252 1441 415 1525 quondam
432 1445 549 1509 tenuit.

292 1580 452 1645 Robertus
465 1579 628 1647 Whitfeld
652 1585 745 1648 tenet
768 1583 812 1648 di.
840 1583 863 1649 f.
887 1605 930 1648 m.
955 1586 990 1646 iu
1014 1583 1254 1662 Wuerruuaur,
1281 1583 1366 1666 quod
1395 1581 1578 1668 Stephanus
1611 1584 1751 1650 Loveraz

250 1669 412 1752 quondam
427 1672 546 1735 tenuit.

293 1805 478 1891 Margareta
491 1806 637 1891 Popham
660 1811 752 1872 tenet
775 1809 977 1892 quarterium
1003 1807 1027 1874 f.
1045 1809 1462 1894 m.iner1›mr,quod
1486 1809 1687 1894 Reginaldua
1711 1810 1752 1874 de

251 1892 368 1958 Sancto
382 1895 527 1960 Mariino
541 1896 706 1981 quondam
721 1897 843 1961 tenuit.

292 2031 459 2097 Lodwieus
484 2032 590 2096 Johan
614 2039 707 2098 tenet
730 2035 864 2099 terciam
889 2039 1018 2119 partem
1045 2034 1068 2101 f.
1087 2036 1184 2100 min
1212 2035 1409 2119 Houuuuar,
1425 2037 1512 2121 quod
1536 2035 1684 2101 Oliverus
1710 2035 1751 2100 de

251 2117 375 2185 Souche
390 2122 553 2204 quondam
570 2124 690 2187 tenuit.

591 2361 594 2366 ’
693 2362 914 2428 Huunaunuu
937 2382 982 2427 na
1004 2360 1334 2466 MANNESBRUG..

292 2497 474 2562 Willelmua
487 2499 604 2564 Baaeet
617 2502 654 2564 et
669 2499 854 2563 Willelmua
869 2498 989 2564 Cattun
1005 2502 1121 2564 tenent
1137 2499 1181 2563 di.
1199 2498 1222 2564 f.
1240 2520 1285 2565 m.
1301 2501 1336 2563 in
1357 2499 1480 2580 Eamu,
1505 2501 1591 2584 quod
1613 2502 1753 2566 Thomas

250 2585 290 2648 de
306 2585 526 2668 Wyntershull
541 2587 705 2672 quondam
720 2587 842 2652 tenuit.

294 2721 456 2786 Johanner
484 2723 576 2788 More
607 2726 641 2788 et
664 2722 827 2788 Walterm
856 2721 1019 2808 Gollewyn
1048 2727 1162 2788 tenent
1187 2724 1232 2789 di.
1256 2722 1281 2788 i.
1306 2745 1349 2788 m.
1377 2724 1413 2788 in
1439 2725 1653 2804 mammon,
1666 2726 1753 2811 quod

250 2808 408 2874 Robertua
422 2811 519 2874 Elion
534 2816 569 2875 et
583 2811 767 2874 Willelmus
782 2811 952 2875 Rolleston
967 2813 1130 2896 quondam
1146 2815 1332 2876 tenuerunt.

294 2946 480 3030 Prepesiius
508 2945 627 3012 Sancte
655 2946 846 3012 Elizabethe
873 2952 964 3014 tenet
993 2950 1029 3012 in
1062 2951 1222 3015 Bormum
1251 2949 1295 3013 di.
1326 2948 1351 3013 f.
1383 2970 1427 3015 m.
1467 2951 1553 3033 quod
1589 2948 1753 3016 Johanues

251 3032 410 3099 'l'horvale
424 3035 587 3120 quondam
602 3037 720 3102 tenuit.

687 3278 907 3343 Huuuaunuu
930 3297 974 3342 nu
999 3275 1324 3345 SWYMBOURNE.

294 3415 456 3479 Walterua
470 3415 670 3481 Pawnsefote
685 3420 779 3480 tenet
793 3414 838 3481 di.
855 3415 879 3480 f.
895 3435 939 3480 m.
960 3416 995 3477 in
1022 3415 1243 3491 erwusrort,
1267 3414 1353 3498 quod
1379 3412 1544 3481 Johannes
1567 3416 1753 3484 Pawnsiote

252 3503 416 3588 quondam
430 3506 551 3570 tenuit.

172 3650 176 3658 '
293 3639 478 3705 willelmus
502 3640 654 3723 Sperabat
677 3644 712 3704 et
736 3639 897 3704 Walterus
921 3640 1099 3705 Paunsiote
1122 3645 1237 3705 tenent
1260 3644 1411 3722 quartam
1434 3646 1560 3726 partem
1587 3642 1610 3709 f.
1638 3664 1684 3710 m.
1718 3644 1754 3710 iu

252 3727 470 3794 Marwasrorr.
516 3728 589 3792 Non
604 3729 812 3812 respondent,
827 3729 904 3811 quie
919 3729 1007 3792 inter
1022 3748 1077 3792 eos
1093 3728 1265 3806 dividitur,
1280 3727 1336 3791 &u

294 3864 489 3929 Feoffatures
515 3866 607 3928 ducis
633 3866 820 3930 Laneastrie
843 3870 958 3929 tenent
976 3866 1004 3948 j.
1034 3866 1057 3930 f.
1084 3886 1129 3930 m.
1155 3866 1190 3929 iu
1220 3863 1463 3946 Swouaounrtm
1488 3868 1574 3951 quod
1599 3868 1699 3954 Hugo
1723 3874 1753 3935 le

253 3950 392 4035 Spanser
407 3954 569 4038 quondam
584 3955 703 4019 tenuit.

294 4088 458 4154 Johannes
473 4089 650 4154 Brinkhale
674 4096 709 4154 et
731 4090 752 4153 J
754 4090 895 4154 ohannes
918 4089 1023 4173 Roget
1042 4090 1163 4174 junior,
1179 4092 1293 4153 tenent
1307 4088 1352 4156 di.
1368 4089 1392 4155 f.
1410 4110 1453 4155 m.
1470 4092 1505 4154 iu
1526 4092 1703 4163 Sumssuuu
1719 4100 1754 4161 et

251 4177 452 4256 Houefluort,
466 4179 552 4262 quod
567 4178 723 4241 Ricardua
738 4178 889 4259 Porteaey
905 4178 1069 4261 quondam
1083 4178 1202 4241 tenuit.

293 4315 456 4380 lohannes
480 4315 598 4380 Tawke
613 4319 707 4378 tenet
732 4318 882 4399 quartam
906 4317 1032 4397 partem
1058 4312 1081 4378 f.
1105 4334 1149 4379 m.
1177 4315 1213 4375 in
1240 4314 1449 4393 Salarama,
1475 4316 1561 4399 quud
1588 4317 1748 4385 Ricardus

252 4402 422 4489 Hauering
438 4404 602 4487 quondam
616 4403 735 4467 tenuit.

294 4541 315 4606 J
316 4542 457 4693 olqanneta
471 4542 589 4691 Feqys,
605 4539 756 4616 chivaler‚
771 4544 863 4604 tenet
877 4540 923 4605 di.
942 4540 964 4605 f.
976 4562 1020 4606 m.
1033 4540 1068 4603 in
1085 4539 1251 4619 Commu,
1267 4542 1354 4624 quod
1369 4539 1534 4606 lohannes
1549 4542 1755 4611 Maunueaux

252 4647 339 4711 quon
363 4649 418 4691 am
449 4649 527 4693 enm
540 4670 555 4694 ι.

293 4764 315 4828 J
316 4764 456 4917 olqanueta
470 4766 577 4917 quer
591 4771 681 4832 tenet
695 4770 847 4852 quartam
863 4770 990 4851 partem
1005 4767 1029 4831 f.
1046 4785 1091 4833 m.
1107 4766 1143 4830 in
1159 4765 1336 4843 Houurorr,
1354 4766 1440 4851 quod
1456 4766 1596 4833 'ihomas
1611 4770 1641 4833 le
1661 4770 1755 4837 Rows

254 4873 340 4937 quon
364 4875 417 4918 am
449 4874 552 4918 enm.

295 4988 458 5054 Johannes
472 4991 578 5076 Roget
593 4996 627 5056 et
642 4992 663 5056 J
665 4991 808 5055 ohannes
823 4991 970 5055 Puttoun
986 4995 1103 5057 tenent
1117 4992 1240 5056 ibidem
1254 5000 1403 5077 quartam
1418 4998 1545 5077 partem
1566 4994 1590 5062 ἰ.
1607 5018 1651 5062 m.
1668 4999 1755 5080 quod

251 5077 413 5142 Hernicus
427 5078 467 5141 de
485 5078 593 5144 Burue
609 5084 643 5143 et
661 5079 842 5143 Willelmua
857 5079 898 5143 de
913 5080 943 5144 la
959 5080 1049 5143 Done
1065 5081 1228 5165 quondam
1242 5085 1428 5146 tenuerunt.

295 5215 492 5280 Feoffatorea
506 5217 598 5280 ducis
614 5216 803 5281 Lanoaatrie
817 5220 931 5281 tenent
945 5215 990 5281 di.
1007 5216 1030 5281 f.
1047 5235 1092 5280 m.
1108 5217 1143 5279 in
1172 5216 1401 5296 Lmamrom,
1416 5218 1501 5301 quod
1525 5218 1686 5283 Henrieua
1714 5219 1754 5285 de

255 5304 442 5368 Laneastria
456 5306 617 5388 quondam
633 5306 754 5369 tenuit.

292 5437 407 5504 (lomes
430 5439 471 5504 de
498 5440 682 5525 Warrawylr
710 5443 803 5505 tenet
829 5439 876 5504 di.
901 5438 924 5505 f.
950 5460 994 5504 m.
1028 5440 1064 5504 in
1094 5442 1212 5519 Assur,
1238 5439 1323 5524 quod
1352 5440 1517 5507 Johannes
1547 5440 1748 5529 Farlyugton

254 5527 415 5613 quondam
433 5530 570 5596 tenuit„
1605 5564 1608 5573 ·
