4117 6200
935 653 1018 720 ιιι.
1044 655 1139 720 ure.
1404 737 1408 743 ⁴
1717 654 1781 722 407

326 938 374 1002 De
398 938 538 1024 quedem
561 940 710 1023 porcione
736 963 766 1006 x.
783 961 809 1006 e.
837 961 934 1024 quem
965 941 1054 1026 prior
1084 941 1125 1006 de
1156 941 1316 1005 Hereiord
1345 940 1492 1024 percepit
1520 942 1556 1004 in
1582 941 1716 1004 ecclesie
1741 939 1781 1004 de

286 1026 444 1092 Hunnnn.
491 1026 678 1090 Subsidium
694 1028 780 1106 inde,
793 1027 888 1106 nihil,
905 1035 967 1094 etc.
991 1027 1189 1116 [conceded]
1211 1027 1313 1114 xiid.
1336 1025 1482 1116 [added]

325 1162 374 1227 De
412 1163 551 1247 quedam
590 1165 737 1248 porcione
773 1186 824 1230 xr.
842 1187 868 1230 s.
914 1163 1027 1252 [quem
1065 1167 1153 1249 prior
1212 1165 1365 1230 Breconie
1401 1167 1545 1250 percepit
1580 1167 1617 1230 in
1653 1165 1779 1230 ecdem.

284 1249 483 1330 Subsidium,
499 1249 611 1323 nichil,
625 1259 687 1316 etc.
711 1249 909 1340 [concelled]
931 1254 1005 1338 ij.s.
1029 1164 1176 1340 [oddedl

332 1385 397 1474 [De
423 1388 562 1470 quedem
587 1391 738 1473 porcione
760 1392 810 1476 iij.
826 1411 852 1456 s.
907 1411 982 1454 uem
1013 1393 1101 1474 prior
1130 1390 1170 1455 de
1220 1391 1387 1455 Lemestre
1416 1392 1561 1474 percepit
1589 1391 1625 1454 in
1654 1390 1779 1456 eedem.

283 1473 482 1554 Subsidium,
496 1475 608 1557 nichil,
623 1485 684 1542 etc.
708 1412 906 1564 [cancellati
926 1477 975 1562 iij.
989 1476 1023 1542 cl.
1038 1479 1091 1544 ob.
1108 1484 1143 1561 q·
1165 1387 1310 1566 [added]

328 1611 375 1675 De
389 1613 528 1697 quodem
549 1610 716 1701 [porcione
732 1639 762 1680 x.
772 1613 816 1702 s.]
837 1637 935 1700 quem
950 1616 1038 1699 prior
1052 1617 1187 1702 Maioris
1202 1615 1368 1680 Melverne
1383 1617 1528 1701 percepit
1542 1617 1578 1679 in
1594 1614 1726 1680 ecclesie
1740 1613 1781 1678 de

283 1698 455 1766 firmor.
502 1702 702 1782 Subsidium,
718 1702 832 1784 nichil,
850 1709 912 1768 etc.
936 1700 1135 1790 [recorded]
1157 1704 1215 1788 xij.
1228 1701 1262 1769 ol.
1285 1699 1432 1790 [added]

326 1835 374 1898 De
403 1838 542 1920 quedem
574 1841 723 1923 porcione
752 1841 789 1926 ij.
806 1863 831 1905 s.
870 1860 967 1925 quem
1004 1842 1091 1924 prior
1119 1840 1160 1904 de
1197 1840 1362 1904 Lemestre
1398 1839 1546 1924 percepit
1581 1840 1617 1902 in
1654 1839 1779 1904 ecdem.

283 1919 482 2003 Subsidium,
497 1925 609 2007 nichil,
625 1933 689 1993 etc.
712 1924 911 2015 [ccocdled]
932 1927 968 2011 ij.
982 1926 1015 1992 d.
1033 1928 1084 1993 ob.
1108 1924 1255 2015 [added]

325 2059 372 2124 De
408 2063 547 2146 quedem
587 2066 738 2148 porcione
774 2087 805 2130 x.
822 2085 849 2132 e.
910 2086 985 2131 uem
1030 2067 1117 2150 prior
1168 2064 1361 2130 Hereiordie
1398 2065 1544 2148 percepit
1570 2064 1616 2143 ‚in
1652 2063 1776 2127 eedem.

284 2144 484 2229 Subsidium,
498 2152 611 2232 nichil,
627 2157 690 2218 etc.
715 2087 912 2241 [cemeterii]
934 2153 990 2237 xij.
1002 2152 1036 2219 d.
1060 2150 1206 2241 [added]

324 2283 373 2348 De
388 2286 527 2369 quedem
544 2290 691 2373 porcione
706 2288 776 2356 nd.
793 2311 892 2374 quem
909 2292 994 2375 prior
1010 2291 1145 2354 Mn'orie
1160 2290 1329 2354 Melveme
1343 2289 1487 2373 percepit
1514 2289 1548 2354 in
1576 2288 1711 2353 ecclesis
1736 2289 1778 2353 de

285 2370 445 2440 Herennn
460 2375 578 2443 Penus.
625 2375 825 2458 Subsidium,
839 2377 950 2458 nichil,
966 2384 1028 2443 etc.
1052 2312 1251 2464 [concelled]
1272 2375 1295 2459 j.
1307 2375 1341 2442 d.
1365 2373 1511 2463 [culed]

325 2509 374 2574 De
390 2514 529 2596 quedem
544 2517 692 2600 porcione
707 2516 792 2580 lxxv.
803 2535 830 2582 e.
847 2515 903 2600 vij.
917 2513 951 2581 d.
968 2514 1020 2581 ob.
1038 2535 1135 2598 quem
1151 2517 1238 2598 prior
1251 2513 1388 2599 Majoris
1404 2514 1571 2578 Melverne
1585 2475 1731 2598 percepit
1746 2514 1782 2578 in

283 2598 667 2777 {gelpsipadlgegprnnnn
689 2599 857 2690 [Misus]
903 2603 1105 2684 Subsidium,
1132 2600 1246 2682 nichil,
1270 2608 1333 2668 etc.
1356 2597 1555 2688 [cancellari]
1576 2599 1671 2684 vija.
1688 2599 1733 2685 vj.
1746 2599 1780 2666 d.

327 2821 375 2886 De
390 2825 529 2908 quedem
544 2829 692 2912 porcione
707 2828 827 2912 xxxvij.
840 2848 867 2894 c.
884 2829 927 2893 ix.
938 2825 972 2892 d.
989 2847 1086 2912 quem
1101 2828 1189 2912 prior
1203 2826 1244 2890 de
1258 2826 1426 2890 Lemestre
1440 2826 1585 2909 percepit
1609 2827 1645 2889 in
1670 2826 1782 2891 eodem

284 2908 428 2977 ecclesis.
477 2913 676 2993 Subsidium,
690 2914 805 2994 nichil,
820 2921 883 2982 etc.
906 2911 1106 3003 [cancellari]
1127 2914 1210 2997 iij.e.
1228 2915 1272 2978 ix.
1287 2911 1321 2977 d.
1338 2913 1390 2977 ob.
1414 2909 1560 3000 [added]

326 3046 376 3114 De
399 3049 539 3136 quedem
564 3053 717 3137 porcione
740 3053 784 3138 vj.
797 3077 823 3120 ι.
851 3053 920 3139 viij.
934 3051 967 3119 d.
999 3073 1098 3137 quem
1126 3052 1273 3117 canonici
1304 3050 1476 3117 Herlordie
1505 3056 1721 3137 perceperunt
1746 3053 1782 3115 in

284 3138 416 3203 ecclesie
431 3140 470 3202 dc
485 3138 684 3207 Moumrrn.
732 3141 931 3218 Subsidium,
946 3139 1062 3217 nichil,
1076 3144 1139 3205 eto.
1161 3137 1360 3227 [concellcd]
1382 3139 1451 3224 viij.
1463 3137 1497 3203 d.
1520 3135 1666 3226 [added]

326 3275 376 3341 De
407 3276 547 3362 quedem
577 3281 727 3363 porcione
755 3279 813 3364 xij.
831 3277 864 3344 d.
896 3298 994 3362 quam
1025 3279 1111 3355 prior
1141 3278 1182 3343 de
1212 3278 1379 3341 Lemestre
1407 3278 1556 3360 percepit
1585 3278 1621 3342 in
1656 3277 1783 3343 eedem.

285 3364 482 3446 Subsidium,
496 3366 611 3445 nichil,
625 3374 688 3432 etc.
712 3364 910 3454 [ccocelled]
927 3366 955 3449 j.
967 3362 1000 3429 d.
1017 3372 1051 3449 q·
1071 3361 1217 3452 [added]

326 3500 375 3565 De
390 3503 531 3585 quedem
546 3505 695 3587 porcione
710 3504 747 3587 ij.
758 3528 785 3571 ι.
801 3524 899 3589 quem
914 3508 1017 3567 rector
1039 3500 1110 3590 [de]
1131 3504 1199 3587 Eye
1215 3503 1359 3587 percepit
1372 3503 1407 3565 in
1424 3502 1557 3567 ecclesie
1578 3503 1620 3566 de
1645 3502 1782 3571 Sinnin.

285 3586 486 3667 Subsidium,
502 3590 613 3672 nichil,
629 3598 692 3658 etc.
716 3588 915 3680 [concutiet]
936 3594 970 3671 ij.
982 3589 1016 3655 d.
1033 3593 1084 3656 ob.
1108 3587 1254 3678 [added]

327 3726 375 3788 De
399 3728 538 3811 quedem
567 3731 717 3813 porcione
746 3733 790 3795 ix.
807 3755 833 3796 s.
864 3750 963 3814 quem
992 3728 1079 3812 prior
1096 3726 1148 3792 ‘de
1177 3728 1316 3792 Newent
1332 3729 1492 3879 percepit
1519 3727 1555 3790 in
1580 3728 1715 3791 ecclesie
1740 3729 1780 3793 de

288 3812 520 3880 Krrronsmrrn.
567 3816 767 3895 Subsidium,
800 3815 913 3895 nichil,
948 3824 1011 3881 etc.
1050 3813 1248 3903 [recorded]
1284 3834 1315 3880 x.
1359 3863 1366 3880 .
1406 3815 1458 3880 ob.
1496 3820 1530 3898 q·
1564 3811 1683 3902 [added
1719 3818 1785 3881 cod

286 3899 469 3988 cancellat]
490 3902 534 3986 xj.
546 3902 579 3969 d.
602 3901 831 3991 [ottericum]

327 4035 375 4099 De
401 4038 541 4121 quedem
567 4043 716 4123 porcione
741 4062 840 4125 urps.
857 4039 963 4124 urpd.
990 4060 1089 4124 quern
1114 4038 1261 4103 cononici
1284 4036 1475 4101 Hereiordie
1498 4057 1595 4120 ‚perce
1620 4041 1716 4100 erunt
1744 4039 1780 4101 in

284 4122 417 4187 ecclesie
432 4125 472 4189 de
490 4127 629 4194 Srnnrn.
676 4126 874 4205 Subsidium,
887 4125 1002 4205 nichil,
1017 4132 1079 4191 etc.
1103 4122 1301 4213 [concelled]
1322 4145 1352 4188 v.
1364 4122 1397 4188 d.
1414 4130 1448 4207 q'
1471 4058 1619 4211 [addocti

326 4265 373 4329 De
397 4265 538 4349 quedem
564 4265 713 4347 porcione
741 4264 777 4348 ij.
794 4288 820 4330 s.
847 4285 943 4349 quem
966 4269 1071 4327 rector
1094 4263 1136 4326 de
1164 4262 1329 4345 Penbrigg
1350 4262 1496 4344 percepit
1521 4261 1557 4321 in
1583 4259 1715 4323 ecclesie
1741 4261 1783 4325 de

287 4352 470 4420 Susuurorr.
517 4351 716 4429 Subsidium,
731 4352 844 4430 nichil,
860 4358 921 4416 etc.
946 4348 1144 4438 [cancellat]
1164 4348 1246 4433 ijo.
1263 4350 1314 4412 ob.
1338 4346 1482 4435 [added]

805 4591 999 4658 Dncrurrus
1021 4610 1065 4654 nn
1087 4587 1263 4656 WEBLE.

327 4731 375 4796 De
391 4732 530 4816 quadem
545 4732 693 4815 porcione
708 4752 770 4816 urJ.
787 4750 966 4833 mercerum
981 4748 1079 4811 quem
1093 4726 1180 4810 prior
1195 4724 1235 4788 de
1251 4722 1392 4827 Clyiiprd
1401 4723 1564 4875 (percepit
1589 4724 1624 4786 in
1651 4724 1785 4790 ecclesis

284 4817 325 4882 de
340 4820 544 4887 Donsmrorr.
590 4818 790 4897 Subsidium,
804 4816 918 4893 nrchrl,
932 4824 995 4880 etc.
1019 4810 1218 4901 [cancellari]
1239 4832 1307 4878 ne.
1323 4832 1386 4897 ιιι).
1427 4862 1435 4877 .
1458 4809 1554 4899 [mide
1579 4809 1605 4899 .]

328 4958 376 5021 De
390 4958 528 5041 quedam
544 4959 692 5042 porcione
707 4958 790 5042 iijs.
807 4976 906 5041 quern
920 4956 1007 5040 prior
1021 4952 1211 5017 Hereiordie
1225 4950 1370 5033 percepit
1384 4950 1420 5014 in
1434 4950 1567 5015 ecclesie
1581 4950 1621 5015 de
1631 4950 1783 5021 Mones.

286 5043 483 5126 Subsidium,
498 5044 613 5124 nichil,
627 5052 688 5110 etc.
713 5040 911 5132 [corrected]
933 5041 983 5127 iij.
994 5040 1028 5106 d.
1046 5042 1097 5106 ob.
1115 5046 1150 5123 q·
1171 5035 1316 5126 [added]

327 5180 376 5245 De
401 5182 540 5267 quadem
567 5182 715 5265 porcione
742 5202 793 5245 xx.
811 5204 838 5245 s.
864 5200 962 5262 quem
991 5178 1078 5261 prior
1107 5176 1147 5238 de
1177 5172 1318 5259 Clyfford
1347 5174 1494 5257 percepit
1517 5174 1551 5236 in
1584 5174 1718 5237 ecclesie
1743 5176 1785 5240 de

286 5270 446 5337 Srsrrrou.
493 5268 693 5347 Subsidium,
707 5267 823 5348 nichil,
840 5274 902 5331 etc.
926 5261 1124 5353 [cancellat]
1145 5260 1219 5347 ij.s.
1243 5258 1388 5349 [added]

327 5407 375 5472 De
390 5409 528 5495 quadem
544 5410 692 5491 porcione
706 5408 742 5492 ij.
760 5424 939 5470 marcorum
954 5423 1052 5488 quam
1066 5402 1155 5486 prior
1170 5398 1358 5463 Herefordie
1373 5399 1518 5482 percepit
1533 5397 1570 5462 in
1584 5397 1718 5461 ecclesia
1744 5398 1785 5465 dc

284 5498 468 5568 stneonn.
516 5495 716 5571 Subsidium,
731 5493 844 5571 nichil,
858 5498 920 5556 etc.
944 5484 1145 5577 [cancellat]
1164 5487 1203 5571 ij.
1214 5511 1241 5553 e.
1258 5486 1328 5570 viij.
1340 5482 1373 5551 d.
1398 5481 1543 5573 [added]
