<?xml version="1.0" encoding="UTF-8"?>
<!DOCTYPE html PUBLIC "-//W3C//DTD XHTML 1.0 Transitional//EN"
    "http://www.w3.org/TR/xhtml1/DTD/xhtml1-transitional.dtd">
<html xmlns="http://www.w3.org/1999/xhtml" xml:lang="en" lang="en">
 <head>
  <title>
</title>
<meta http-equiv="Content-Type" content="text/html;charset=utf-8" />
  <meta name='ocr-system' content='tesseract 3.04.00' />
  <meta name='ocr-capabilities' content='ocr_page ocr_carea ocr_par ocr_line ocrx_word'/>
</head>
<body>
  <div class='ocr_page' id='page_1' title='image "./inquisitionsand01offigoog_0026.png"; bbox 0 0 4117 6200; ppageno 0'>
   <div class='ocr_carea' id='block_1_1' title="bbox 285 589 1133 659">
    <p class='ocr_par' dir='ltr' id='par_1_1' title="bbox 285 589 1133 659">
     <span class='ocr_line' id='line_1_1' title="bbox 285 589 1133 659; baseline 0.011 -9"><span class='ocrx_word' id='word_1_1' title='bbox 285 589 326 651; x_wconf 81' lang='lat'>12</span> <span class='ocrx_word' id='word_1_2' title='bbox 946 590 1133 659; x_wconf 74' lang='lat' dir='ltr'>DORSE&#39;I’.</span> 
     </span>
    </p>
   </div>
   <div class='ocr_carea' id='block_1_2' title="bbox 279 801 1788 1404">
    <p class='ocr_par' dir='ltr' id='par_1_2' title="bbox 279 801 1788 1404">
     <span class='ocr_line' id='line_1_2' title="bbox 327 801 1787 875; baseline 0.005 -10"><span class='ocrx_word' id='word_1_3' title='bbox 327 801 413 867; x_wconf 88' lang='lat' dir='ltr'>Item</span> <span class='ocrx_word' id='word_1_4' title='bbox 430 803 600 870; x_wconf 75' lang='lat' dir='ltr'><strong>abbatissa</strong></span> <span class='ocrx_word' id='word_1_5' title='bbox 620 805 662 870; x_wconf 89' lang='lat' dir='ltr'>de</span> <span class='ocrx_word' id='word_1_6' title='bbox 677 803 819 870; x_wconf 79' lang='lat' dir='ltr'>Tarente</span> <span class='ocrx_word' id='word_1_7' title='bbox 844 807 937 869; x_wconf 88' lang='lat' dir='ltr'>tenet</span> <span class='ocrx_word' id='word_1_8' title='bbox 963 805 999 868; x_wconf 86' lang='lat' dir='ltr'>in</span> <span class='ocrx_word' id='word_1_9' title='bbox 1030 805 1145 869; x_wconf 86' lang='lat' dir='ltr'>eadem</span> <span class='ocrx_word' id='word_1_10' title='bbox 1167 803 1250 870; x_wconf 88' lang='lat' dir='ltr'>villa</span> <span class='ocrx_word' id='word_1_11' title='bbox 1273 826 1373 871; x_wconf 88' lang='lat' dir='ltr'>uuam</span> <span class='ocrx_word' id='word_1_12' title='bbox 1396 810 1585 873; x_wconf 76' lang='lat' dir='ltr'>carucatam</span> <span class='ocrx_word' id='word_1_13' title='bbox 1609 811 1697 874; x_wconf 85' lang='lat' dir='ltr'>terre</span> <span class='ocrx_word' id='word_1_14' title='bbox 1711 826 1787 875; x_wconf 90' lang='lat' dir='ltr'>cum</span> 
     </span>
     <span class='ocr_line' id='line_1_3' title="bbox 282 892 1788 981; baseline 0.007 -27"><span class='ocrx_word' id='word_1_15' title='bbox 282 892 497 976; x_wconf 83' lang='lat' dir='ltr'>pertinenciis</span> <span class='ocrx_word' id='word_1_16' title='bbox 523 915 598 959; x_wconf 91' lang='lat' dir='ltr'>cum</span> <span class='ocrx_word' id='word_1_17' title='bbox 621 895 727 971; x_wconf 88' lang='lat' dir='ltr'>besec,</span> <span class='ocrx_word' id='word_1_18' title='bbox 754 893 812 979; x_wconf 92' lang='lat' dir='ltr'>qui</span> <span class='ocrx_word' id='word_1_19' title='bbox 839 893 1006 979; x_wconf 90' lang='lat' dir='ltr'>quondam</span> <span class='ocrx_word' id='word_1_20' title='bbox 1032 893 1101 959; x_wconf 88' lang='lat' dir='ltr'>fuit</span> <span class='ocrx_word' id='word_1_21' title='bbox 1126 893 1252 961; x_wconf 86' lang='lat' dir='ltr'>foresta</span> <span class='ocrx_word' id='word_1_22' title='bbox 1269 896 1369 981; x_wconf 86' lang='lat' dir='ltr'>regis,</span> <span class='ocrx_word' id='word_1_23' title='bbox 1384 894 1425 960; x_wconf 91' lang='lat' dir='ltr'>de</span> <span class='ocrx_word' id='word_1_24' title='bbox 1450 895 1584 962; x_wconf 91' lang='lat' dir='ltr'>domino</span> <span class='ocrx_word' id='word_1_25' title='bbox 1611 897 1788 964; x_wconf 88' lang='lat' dir='ltr'>Edmundo</span> 
     </span>
     <span class='ocr_line' id='line_1_4' title="bbox 283 981 1786 1074; baseline 0.006 -31"><span class='ocrx_word' id='word_1_26' title='bbox 283 981 388 1046; x_wconf 82' lang='lat' dir='ltr'>fratre</span> <span class='ocrx_word' id='word_1_27' title='bbox 413 982 539 1047; x_wconf 89' lang='lat' dir='ltr'>domini</span> <span class='ocrx_word' id='word_1_28' title='bbox 562 983 648 1068; x_wconf 88' lang='lat' dir='ltr'>regis</span> <span class='ocrx_word' id='word_1_29' title='bbox 672 1005 770 1061; x_wconf 87' lang='lat' dir='ltr'>nunc,</span> <span class='ocrx_word' id='word_1_30' title='bbox 802 983 837 1046; x_wconf 90' lang='lat' dir='ltr'>in</span> <span class='ocrx_word' id='word_1_31' title='bbox 870 1004 988 1068; x_wconf 90' lang='lat' dir='ltr'>puram</span> <span class='ocrx_word' id='word_1_32' title='bbox 1015 988 1051 1048; x_wconf 91' lang='lat' dir='ltr'>et</span> <span class='ocrx_word' id='word_1_33' title='bbox 1076 989 1273 1070; x_wconf 87' lang='lat' dir='ltr'>perpetuam</span> <span class='ocrx_word' id='word_1_34' title='bbox 1302 984 1524 1062; x_wconf 76' lang='lat' dir='ltr'><strong>elemosinam,</strong></span> <span class='ocrx_word' id='word_1_35' title='bbox 1555 991 1590 1050; x_wconf 90' lang='lat' dir='ltr'>et</span> <span class='ocrx_word' id='word_1_36' title='bbox 1619 988 1786 1074; x_wconf 88' lang='lat' dir='ltr'>predictus</span> 
     </span>
     <span class='ocr_line' id='line_1_5' title="bbox 284 1069 1788 1162; baseline 0.005 -28"><span class='ocrx_word' id='word_1_37' title='bbox 284 1069 480 1136; x_wconf 85' lang='lat' dir='ltr'>Edmnndus</span> <span class='ocrx_word' id='word_1_38' title='bbox 511 1072 552 1136; x_wconf 93' lang='lat' dir='ltr'>de</span> <span class='ocrx_word' id='word_1_39' title='bbox 582 1073 717 1137; x_wconf 87' lang='lat' dir='ltr'>domino</span> <span class='ocrx_word' id='word_1_40' title='bbox 746 1093 822 1154; x_wconf 73' lang='lat' dir='ltr'>rege</span> <span class='ocrx_word' id='word_1_41' title='bbox 852 1071 873 1138; x_wconf 90' lang='lat' dir='ltr'>i.</span> <span class='ocrx_word' id='word_1_42' title='bbox 904 1093 930 1138; x_wconf 92' lang='lat' dir='ltr'>c.</span> <span class='ocrx_word' id='word_1_43' title='bbox 962 1092 1022 1157; x_wconf 91' lang='lat' dir='ltr'>per</span> <span class='ocrx_word' id='word_1_44' title='bbox 1052 1073 1140 1158; x_wconf 92' lang='lat' dir='ltr'>quod</span> <span class='ocrx_word' id='word_1_45' title='bbox 1175 1073 1352 1139; x_wconf 81' lang='lat' dir='ltr'>servicium</span> <span class='ocrx_word' id='word_1_46' title='bbox 1385 1074 1549 1160; x_wconf 85' lang='lat' dir='ltr'>ignorant,</span> <span class='ocrx_word' id='word_1_47' title='bbox 1574 1081 1609 1140; x_wconf 88' lang='lat' dir='ltr'>et</span> <span class='ocrx_word' id='word_1_48' title='bbox 1638 1077 1788 1162; x_wconf 82' lang='lat' dir='ltr'>predicta</span> 
     </span>
     <span class='ocr_line' id='line_1_6' title="bbox 282 1160 1787 1254; baseline 0.005 -30"><span class='ocrx_word' id='word_1_49' title='bbox 282 1167 437 1226; x_wconf 87' lang='lat' dir='ltr'>carucata</span> <span class='ocrx_word' id='word_1_50' title='bbox 467 1165 554 1226; x_wconf 88' lang='lat' dir='ltr'>terre</span> <span class='ocrx_word' id='word_1_51' title='bbox 586 1160 653 1227; x_wconf 84' lang='lat' dir='ltr'>fuit</span> <span class='ocrx_word' id='word_1_52' title='bbox 679 1161 714 1224; x_wconf 91' lang='lat' dir='ltr'>iu</span> <span class='ocrx_word' id='word_1_53' title='bbox 747 1161 900 1226; x_wconf 89' lang='lat' dir='ltr'>manibus</span> <span class='ocrx_word' id='word_1_54' title='bbox 930 1161 1057 1227; x_wconf 90' lang='lat' dir='ltr'>domini</span> <span class='ocrx_word' id='word_1_55' title='bbox 1089 1161 1227 1228; x_wconf 88' lang='lat' dir='ltr'>Henrici</span> <span class='ocrx_word' id='word_1_56' title='bbox 1265 1163 1353 1251; x_wconf 86' lang='lat' dir='ltr'>regis</span> <span class='ocrx_word' id='word_1_57' title='bbox 1392 1163 1498 1248; x_wconf 89' lang='lat' dir='ltr'>patris</span> <span class='ocrx_word' id='word_1_58' title='bbox 1536 1165 1661 1230; x_wconf 90' lang='lat' dir='ltr'>domini</span> <span class='ocrx_word' id='word_1_59' title='bbox 1700 1167 1787 1254; x_wconf 87' lang='lat' dir='ltr'>regis</span> 
     </span>
     <span class='ocr_line' id='line_1_7' title="bbox 281 1250 1786 1402; baseline 0.006 -90"><span class='ocrx_word' id='word_1_60' title='bbox 281 1270 392 1402; x_wconf 60' lang='grc' dir='ltr'>1111116(Ι</span> <span class='ocrx_word' id='word_1_61' title='bbox 415 1251 458 1316; x_wconf 89' lang='grc' dir='ltr'>Ε1</span> <span class='ocrx_word' id='word_1_62' title='bbox 473 1251 623 1337; x_wconf 88' lang='lat' dir='ltr'>predicta</span> <span class='ocrx_word' id='word_1_63' title='bbox 645 1250 814 1316; x_wconf 77' lang='lat' dir='ltr'><strong>abbatissa</strong></span> <span class='ocrx_word' id='word_1_64' title='bbox 836 1250 937 1317; x_wconf 86' lang='lat' dir='ltr'>habet</span> <span class='ocrx_word' id='word_1_65' title='bbox 961 1251 1117 1317; x_wconf 91' lang='lat' dir='ltr'>emendas</span> <span class='ocrx_word' id='word_1_66' title='bbox 1139 1251 1235 1338; x_wconf 88' lang='lat' dir='ltr'>panis</span> <span class='ocrx_word' id='word_1_67' title='bbox 1251 1256 1287 1318; x_wconf 90' lang='lat' dir='ltr'>et</span> <span class='ocrx_word' id='word_1_68' title='bbox 1300 1253 1437 1319; x_wconf 80' lang='lat' dir='ltr'>cervisie</span> <span class='ocrx_word' id='word_1_69' title='bbox 1452 1251 1494 1318; x_wconf 92' lang='lat' dir='ltr'>de</span> <span class='ocrx_word' id='word_1_70' title='bbox 1510 1252 1701 1321; x_wconf 90' lang='lat' dir='ltr'>hominibus</span> <span class='ocrx_word' id='word_1_71' title='bbox 1716 1256 1786 1321; x_wconf 91' lang='lat' dir='ltr'>suis</span> 
     </span>
     <span class='ocr_line' id='line_1_8' title="bbox 279 1338 553 1404; baseline 0.007 -4"><span class='ocrx_word' id='word_1_72' title='bbox 279 1338 316 1402; x_wconf 90' lang='lat' dir='ltr'>in</span> <span class='ocrx_word' id='word_1_73' title='bbox 332 1361 371 1403; x_wconf 90' lang='lat' dir='ltr'>ea</span> <span class='ocrx_word' id='word_1_74' title='bbox 394 1361 446 1403; x_wconf 92' lang='lat' dir='ltr'>em</span> <span class='ocrx_word' id='word_1_75' title='bbox 462 1340 553 1404; x_wconf 89' lang='lat' dir='ltr'>villa.</span> 
     </span>
    </p>
   </div>
   <div class='ocr_carea' id='block_1_3' title="bbox 281 1454 1788 1721">
    <p class='ocr_par' dir='ltr' id='par_1_3' title="bbox 281 1454 1788 1721">
     <span class='ocr_line' id='line_1_9' title="bbox 328 1454 1787 1539; baseline 0.004 -21"><span class='ocrx_word' id='word_1_76' title='bbox 328 1454 415 1520; x_wconf 86' lang='lat' dir='ltr'>Item</span> <span class='ocrx_word' id='word_1_77' title='bbox 431 1454 571 1539; x_wconf 87' lang='lat' dir='ltr'>predicti</span> <span class='ocrx_word' id='word_1_78' title='bbox 589 1455 727 1519; x_wconf 87' lang='lat' dir='ltr'>heredes</span> <span class='ocrx_word' id='word_1_79' title='bbox 742 1460 777 1521; x_wconf 93' lang='lat' dir='ltr'>et</span> <span class='ocrx_word' id='word_1_80' title='bbox 791 1454 960 1520; x_wconf 83' lang='lat' dir='ltr'>abbatissa</span> <span class='ocrx_word' id='word_1_81' title='bbox 982 1455 1108 1521; x_wconf 88' lang='lat' dir='ltr'>habent</span> <span class='ocrx_word' id='word_1_82' title='bbox 1122 1455 1158 1520; x_wconf 91' lang='lat' dir='ltr'>iu</span> <span class='ocrx_word' id='word_1_83' title='bbox 1173 1456 1289 1522; x_wconf 86' lang='lat' dir='ltr'>eedem</span> <span class='ocrx_word' id='word_1_84' title='bbox 1305 1456 1386 1522; x_wconf 89' lang='lat' dir='ltr'>villa</span> <span class='ocrx_word' id='word_1_85' title='bbox 1408 1456 1528 1523; x_wconf 82' lang='lat' dir='ltr'>feriam</span> <span class='ocrx_word' id='word_1_86' title='bbox 1543 1465 1578 1524; x_wconf 90' lang='lat' dir='ltr'>et</span> <span class='ocrx_word' id='word_1_87' title='bbox 1593 1466 1787 1538; x_wconf 90' lang='lat' dir='ltr'>mercatum,</span> 
     </span>
     <span class='ocr_line' id='line_1_10' title="bbox 281 1543 1788 1632; baseline 0.005 -24"><span class='ocrx_word' id='word_1_88' title='bbox 281 1548 316 1608; x_wconf 89' lang='lat' dir='ltr'>et</span> <span class='ocrx_word' id='word_1_89' title='bbox 345 1544 386 1607; x_wconf 92' lang='lat' dir='ltr'>de</span> <span class='ocrx_word' id='word_1_90' title='bbox 417 1543 564 1629; x_wconf 89' lang='lat' dir='ltr'>proficuo</span> <span class='ocrx_word' id='word_1_91' title='bbox 600 1543 798 1630; x_wconf 84' lang='lat' dir='ltr'>placitorum</span> <span class='ocrx_word' id='word_1_92' title='bbox 836 1545 1052 1630; x_wconf 73' lang='lat' dir='ltr'>proveniente</span> <span class='ocrx_word' id='word_1_93' title='bbox 1084 1545 1125 1611; x_wconf 91' lang='lat' dir='ltr'>de</span> <span class='ocrx_word' id='word_1_94' title='bbox 1155 1545 1311 1630; x_wconf 79' lang='lat' dir='ltr'>predictis</span> <span class='ocrx_word' id='word_1_95' title='bbox 1339 1545 1436 1632; x_wconf 86' lang='lat' dir='ltr'>ferya</span> <span class='ocrx_word' id='word_1_96' title='bbox 1457 1553 1492 1613; x_wconf 92' lang='lat' dir='ltr'>et</span> <span class='ocrx_word' id='word_1_97' title='bbox 1520 1554 1675 1627; x_wconf 89' lang='lat' dir='ltr'>mercato,</span> <span class='ocrx_word' id='word_1_98' title='bbox 1699 1550 1788 1616; x_wconf 88' lang='lat' dir='ltr'>dicta</span> 
     </span>
     <span class='ocr_line' id='line_1_11' title="bbox 281 1632 1643 1721; baseline 0.004 -24"><span class='ocrx_word' id='word_1_99' title='bbox 281 1632 450 1697; x_wconf 81' lang='lat' dir='ltr'>abbatisse</span> <span class='ocrx_word' id='word_1_100' title='bbox 464 1633 582 1718; x_wconf 90' lang='lat' dir='ltr'>recipit</span> <span class='ocrx_word' id='word_1_101' title='bbox 597 1633 808 1700; x_wconf 90' lang='lat' dir='ltr'>medietatem</span> <span class='ocrx_word' id='word_1_102' title='bbox 825 1634 907 1700; x_wconf 90' lang='lat' dir='ltr'>dicti</span> <span class='ocrx_word' id='word_1_103' title='bbox 922 1634 1060 1721; x_wconf 91' lang='lat' dir='ltr'>proficui</span> <span class='ocrx_word' id='word_1_104' title='bbox 1075 1634 1112 1699; x_wconf 94' lang='lat' dir='ltr'>in</span> <span class='ocrx_word' id='word_1_105' title='bbox 1129 1635 1221 1700; x_wconf 88' lang='lat' dir='ltr'>curia</span> <span class='ocrx_word' id='word_1_106' title='bbox 1236 1635 1460 1721; x_wconf 78' lang='lat' dir='ltr'>predictorum</span> <span class='ocrx_word' id='word_1_107' title='bbox 1475 1636 1643 1703; x_wconf 88' lang='lat' dir='ltr'>heredum.</span> 
     </span>
    </p>
   </div>
   <div class='ocr_carea' id='block_1_4' title="bbox 282 1748 1788 2013">
    <p class='ocr_par' dir='ltr' id='par_1_4' title="bbox 282 1748 1788 2013">
     <span class='ocr_line' id='line_1_12' title="bbox 325 1748 1788 1835; baseline 0.005 -23"><span class='ocrx_word' id='word_1_108' title='bbox 325 1748 412 1812; x_wconf 84' lang='lat' dir='ltr'>Item</span> <span class='ocrx_word' id='word_1_109' title='bbox 424 1748 614 1815; x_wconf 88' lang='lat' dir='ltr'>Willelmus</span> <span class='ocrx_word' id='word_1_110' title='bbox 629 1750 670 1814; x_wconf 92' lang='lat' dir='ltr'>de</span> <span class='ocrx_word' id='word_1_111' title='bbox 684 1748 904 1835; x_wconf 89' lang='lat' dir='ltr'>Wytew[i]lle</span> <span class='ocrx_word' id='word_1_112' title='bbox 920 1753 1014 1815; x_wconf 89' lang='lat' dir='ltr'>tenet</span> <span class='ocrx_word' id='word_1_113' title='bbox 1027 1749 1241 1816; x_wconf 86' lang='lat' dir='ltr'>medietatem</span> <span class='ocrx_word' id='word_1_114' title='bbox 1256 1750 1335 1816; x_wconf 90' lang='lat' dir='ltr'>ville</span> <span class='ocrx_word' id='word_1_115' title='bbox 1350 1750 1392 1816; x_wconf 92' lang='lat' dir='ltr'>de</span> <span class='ocrx_word' id='word_1_116' title='bbox 1402 1749 1788 1819; x_wconf 75' lang='lat' dir='ltr'>umomwrmaaaoar</span> 
     </span>
     <span class='ocr_line' id='line_1_13' title="bbox 283 1838 1787 1926; baseline 0.004 -24"><span class='ocrx_word' id='word_1_117' title='bbox 283 1839 324 1904; x_wconf 91' lang='grc'>(16</span> <span class='ocrx_word' id='word_1_118' title='bbox 339 1839 474 1904; x_wconf 90' lang='lat' dir='ltr'>domino</span> <span class='ocrx_word' id='word_1_119' title='bbox 488 1861 565 1926; x_wconf 82' lang='lat' dir='ltr'>rege</span> <span class='ocrx_word' id='word_1_120' title='bbox 581 1839 600 1903; x_wconf 93' lang='grc'>1.</span> <span class='ocrx_word' id='word_1_121' title='bbox 617 1859 644 1906; x_wconf 90' lang='grc'>6.</span> <span class='ocrx_word' id='word_1_122' title='bbox 660 1843 695 1904; x_wconf 84' lang='grc'>61</span> <span class='ocrx_word' id='word_1_123' title='bbox 710 1838 821 1904; x_wconf 88' lang='lat' dir='ltr'>reddit</span> <span class='ocrx_word' id='word_1_124' title='bbox 837 1861 893 1924; x_wconf 89' lang='lat' dir='ltr'>per</span> <span class='ocrx_word' id='word_1_125' title='bbox 908 1860 1034 1903; x_wconf 91' lang='lat' dir='ltr'>annum</span> <span class='ocrx_word' id='word_1_126' title='bbox 1050 1838 1185 1905; x_wconf 90' lang='lat' dir='ltr'>domino</span> <span class='ocrx_word' id='word_1_127' title='bbox 1200 1840 1270 1926; x_wconf 85' lang='lat' dir='ltr'>regi</span> <span class='ocrx_word' id='word_1_128' title='bbox 1285 1840 1329 1905; x_wconf 91' lang='lat' dir='ltr'>ad</span> <span class='ocrx_word' id='word_1_129' title='bbox 1344 1841 1468 1906; x_wconf 81' lang='lat' dir='ltr'>festum</span> <span class='ocrx_word' id='word_1_130' title='bbox 1484 1840 1600 1907; x_wconf 85' lang='lat' dir='ltr'>Sancti</span> <span class='ocrx_word' id='word_1_131' title='bbox 1615 1841 1787 1908; x_wconf 83' lang='lat' dir='ltr'>Michaelis</span> 
     </span>
     <span class='ocr_line' id='line_1_14' title="bbox 282 1927 951 2013; baseline -0.001 -21"><span class='ocrx_word' id='word_1_132' title='bbox 282 1928 325 1992; x_wconf 87' lang='lat' dir='ltr'>xl.</span> <span class='ocrx_word' id='word_1_133' title='bbox 338 1951 361 1993; x_wconf 89' lang='lat' dir='ltr'>s.</span> <span class='ocrx_word' id='word_1_134' title='bbox 379 1950 460 2013; x_wconf 91' lang='lat' dir='ltr'>quos</span> <span class='ocrx_word' id='word_1_135' title='bbox 474 1928 654 1996; x_wconf 87' lang='lat' dir='ltr'>vicecomes</span> <span class='ocrx_word' id='word_1_136' title='bbox 668 1928 809 1993; x_wconf 89' lang='lat' dir='ltr'>Dorsete</span> <span class='ocrx_word' id='word_1_137' title='bbox 825 1927 951 2013; x_wconf 90' lang='lat' dir='ltr'>recipit.</span> 
     </span>
    </p>
   </div>
   <div class='ocr_carea' id='block_1_5' title="bbox 282 2041 1787 2306">
    <p class='ocr_par' dir='ltr' id='par_1_5' title="bbox 282 2041 1787 2306">
     <span class='ocr_line' id='line_1_15' title="bbox 327 2041 1785 2130; baseline 0.003 -24"><span class='ocrx_word' id='word_1_138' title='bbox 327 2043 415 2108; x_wconf 90' lang='lat' dir='ltr'>Item</span> <span class='ocrx_word' id='word_1_139' title='bbox 431 2043 588 2108; x_wconf 86' lang='lat' dir='ltr'>Alienora</span> <span class='ocrx_word' id='word_1_140' title='bbox 604 2043 645 2107; x_wconf 91' lang='lat' dir='ltr'>de</span> <span class='ocrx_word' id='word_1_141' title='bbox 660 2041 754 2127; x_wconf 84' lang='lat' dir='ltr'>Goyz</span> <span class='ocrx_word' id='word_1_142' title='bbox 769 2047 862 2107; x_wconf 90' lang='lat' dir='ltr'>tenet</span> <span class='ocrx_word' id='word_1_143' title='bbox 878 2041 977 2106; x_wconf 84' lang='lat' dir='ltr'>aliam</span> <span class='ocrx_word' id='word_1_144' title='bbox 993 2041 1206 2108; x_wconf 83' lang='lat' dir='ltr'>medietatem</span> <span class='ocrx_word' id='word_1_145' title='bbox 1221 2043 1310 2108; x_wconf 86' lang='lat' dir='ltr'>dicte</span> <span class='ocrx_word' id='word_1_146' title='bbox 1324 2043 1404 2109; x_wconf 89' lang='lat' dir='ltr'>ville</span> <span class='ocrx_word' id='word_1_147' title='bbox 1418 2065 1477 2130; x_wconf 91' lang='lat' dir='ltr'>per</span> <span class='ocrx_word' id='word_1_148' title='bbox 1491 2043 1668 2110; x_wconf 88' lang='lat' dir='ltr'>servicium</span> <span class='ocrx_word' id='word_1_149' title='bbox 1683 2044 1741 2129; x_wconf 88' lang='lat' dir='ltr'>xij.</span> <span class='ocrx_word' id='word_1_150' title='bbox 1753 2045 1785 2110; x_wconf 85' lang='lat' dir='ltr'>d.</span> 
     </span>
     <span class='ocr_line' id='line_1_16' title="bbox 282 2130 1787 2217; baseline 0.003 -21"><span class='ocrx_word' id='word_1_151' title='bbox 282 2152 476 2217; x_wconf 85' lang='lat' dir='ltr'>perannum</span> <span class='ocrx_word' id='word_1_152' title='bbox 496 2132 537 2196; x_wconf 89' lang='lat' dir='ltr'>dc</span> <span class='ocrx_word' id='word_1_153' title='bbox 554 2131 718 2196; x_wconf 92' lang='lat' dir='ltr'>Willelmo</span> <span class='ocrx_word' id='word_1_154' title='bbox 734 2131 775 2195; x_wconf 91' lang='lat' dir='ltr'>de</span> <span class='ocrx_word' id='word_1_155' title='bbox 791 2130 918 2216; x_wconf 86' lang='lat' dir='ltr'>Gouyz,</span> <span class='ocrx_word' id='word_1_156' title='bbox 934 2137 968 2196; x_wconf 91' lang='lat' dir='ltr'>et</span> <span class='ocrx_word' id='word_1_157' title='bbox 989 2131 1158 2209; x_wconf 79' lang='lat' dir='ltr'>predictus</span> <span class='ocrx_word' id='word_1_158' title='bbox 1176 2131 1363 2198; x_wconf 90' lang='lat' dir='ltr'>Willelmus</span> <span class='ocrx_word' id='word_1_159' title='bbox 1388 2137 1483 2200; x_wconf 87' lang='lat' dir='ltr'>tenet</span> <span class='ocrx_word' id='word_1_160' title='bbox 1504 2134 1524 2200; x_wconf 91' lang='lat' dir='ltr'>i.</span> <span class='ocrx_word' id='word_1_161' title='bbox 1541 2155 1567 2201; x_wconf 86' lang='lat' dir='ltr'>c</span> <span class='ocrx_word' id='word_1_162' title='bbox 1590 2133 1632 2198; x_wconf 94' lang='lat' dir='ltr'>de</span> <span class='ocrx_word' id='word_1_163' title='bbox 1653 2133 1787 2200; x_wconf 89' lang='lat' dir='ltr'>domino</span> 
     </span>
     <span class='ocr_line' id='line_1_17' title="bbox 282 2220 991 2306; baseline 0.001 -21"><span class='ocrx_word' id='word_1_164' title='bbox 282 2243 369 2306; x_wconf 89' lang='lat' dir='ltr'>rege,</span> <span class='ocrx_word' id='word_1_165' title='bbox 387 2226 422 2286; x_wconf 92' lang='lat' dir='ltr'>et</span> <span class='ocrx_word' id='word_1_166' title='bbox 435 2221 615 2286; x_wconf 91' lang='lat' dir='ltr'>nesscimus</span> <span class='ocrx_word' id='word_1_167' title='bbox 632 2241 691 2306; x_wconf 89' lang='lat' dir='ltr'>per</span> <span class='ocrx_word' id='word_1_168' title='bbox 702 2220 790 2306; x_wconf 89' lang='lat' dir='ltr'>quod</span> <span class='ocrx_word' id='word_1_169' title='bbox 807 2220 991 2286; x_wconf 88' lang='lat' dir='ltr'>servicium.</span> 
     </span>
    </p>
   </div>
   <div class='ocr_carea' id='block_1_6' title="bbox 280 2334 1788 2604">
    <p class='ocr_par' dir='ltr' id='par_1_6' title="bbox 280 2334 1788 2604">
     <span class='ocr_line' id='line_1_18' title="bbox 327 2334 1784 2420; baseline 0.001 -20"><span class='ocrx_word' id='word_1_170' title='bbox 327 2335 414 2400; x_wconf 86' lang='lat' dir='ltr'>Item</span> <span class='ocrx_word' id='word_1_171' title='bbox 442 2335 546 2401; x_wconf 88' lang='lat' dir='ltr'>abbas</span> <span class='ocrx_word' id='word_1_172' title='bbox 573 2335 615 2400; x_wconf 93' lang='lat' dir='ltr'>de</span> <span class='ocrx_word' id='word_1_173' title='bbox 642 2335 746 2401; x_wconf 89' lang='lat' dir='ltr'>Becco</span> <span class='ocrx_word' id='word_1_174' title='bbox 770 2334 967 2420; x_wconf 87' lang='lat' dir='ltr'>Harlewyni</span> <span class='ocrx_word' id='word_1_175' title='bbox 999 2339 1093 2402; x_wconf 90' lang='lat' dir='ltr'>tenet</span> <span class='ocrx_word' id='word_1_176' title='bbox 1116 2357 1219 2400; x_wconf 90' lang='lat' dir='ltr'>unam</span> <span class='ocrx_word' id='word_1_177' title='bbox 1246 2341 1435 2403; x_wconf 71' lang='lat' dir='ltr'>arueram</span> <span class='ocrx_word' id='word_1_178' title='bbox 1458 2337 1607 2403; x_wconf 89' lang='lat' dir='ltr'>terrain</span> <span class='ocrx_word' id='word_1_179' title='bbox 1636 2338 1718 2403; x_wconf 89' lang='lat' dir='ltr'>villa</span> <span class='ocrx_word' id='word_1_180' title='bbox 1742 2337 1784 2403; x_wconf 88' lang='lat' dir='ltr'>de</span> 
     </span>
     <span class='ocr_line' id='line_1_19' title="bbox 284 2424 1788 2505; baseline 0.003 -16"><span class='ocrx_word' id='word_1_181' title='bbox 284 2425 318 2489; x_wconf 85' lang='lat' dir='ltr'>M</span> <span class='ocrx_word' id='word_1_182' title='bbox 323 2441 496 2505; x_wconf 70' lang='lat' dir='ltr'>uaesana,</span> <span class='ocrx_word' id='word_1_183' title='bbox 519 2425 560 2490; x_wconf 91' lang='grc'>(16</span> <span class='ocrx_word' id='word_1_184' title='bbox 577 2424 755 2490; x_wconf 87' lang='lat' dir='ltr'>heredibus</span> <span class='ocrx_word' id='word_1_185' title='bbox 779 2425 909 2490; x_wconf 88' lang='lat' dir='ltr'>comitis</span> <span class='ocrx_word' id='word_1_186' title='bbox 926 2424 1118 2503; x_wconf 81' lang='lat' dir='ltr'>Marescalli,</span> <span class='ocrx_word' id='word_1_187' title='bbox 1133 2431 1168 2491; x_wconf 91' lang='lat' dir='ltr'>et</span> <span class='ocrx_word' id='word_1_188' title='bbox 1191 2425 1273 2492; x_wconf 90' lang='lat' dir='ltr'>dicti</span> <span class='ocrx_word' id='word_1_189' title='bbox 1299 2427 1435 2493; x_wconf 88' lang='lat' dir='ltr'>heredes</span> <span class='ocrx_word' id='word_1_190' title='bbox 1450 2431 1567 2495; x_wconf 85' lang='lat' dir='ltr'>teuent</span> <span class='ocrx_word' id='word_1_191' title='bbox 1589 2427 1630 2495; x_wconf 91' lang='lat' dir='ltr'>de</span> <span class='ocrx_word' id='word_1_192' title='bbox 1654 2428 1788 2495; x_wconf 87' lang='lat' dir='ltr'>domino</span> 
     </span>
     <span class='ocr_line' id='line_1_20' title="bbox 280 2514 987 2604; baseline 0.003 -26"><span class='ocrx_word' id='word_1_193' title='bbox 280 2537 358 2604; x_wconf 86' lang='lat' dir='ltr'>rege</span> <span class='ocrx_word' id='word_1_194' title='bbox 373 2515 393 2579; x_wconf 92' lang='lat' dir='ltr'>i.</span> <span class='ocrx_word' id='word_1_195' title='bbox 410 2537 436 2581; x_wconf 93' lang='lat' dir='ltr'>c.</span> <span class='ocrx_word' id='word_1_196' title='bbox 451 2534 511 2600; x_wconf 90' lang='lat' dir='ltr'>per</span> <span class='ocrx_word' id='word_1_197' title='bbox 526 2514 614 2601; x_wconf 92' lang='lat' dir='ltr'>quod</span> <span class='ocrx_word' id='word_1_198' title='bbox 629 2514 806 2580; x_wconf 87' lang='lat' dir='ltr'>servicium</span> <span class='ocrx_word' id='word_1_199' title='bbox 822 2515 987 2600; x_wconf 84' lang='lat' dir='ltr'>ignorant.</span> 
     </span>
    </p>
   </div>
   <div class='ocr_carea' id='block_1_7' title="bbox 280 2627 1787 2894">
    <p class='ocr_par' dir='ltr' id='par_1_7' title="bbox 280 2627 1787 2894">
     <span class='ocr_line' id='line_1_21' title="bbox 325 2627 1787 2698; baseline 0.003 -4"><span class='ocrx_word' id='word_1_200' title='bbox 325 2629 412 2695; x_wconf 92' lang='lat' dir='ltr'>Item</span> <span class='ocrx_word' id='word_1_201' title='bbox 426 2629 597 2694; x_wconf 85' lang='lat' dir='ltr'>Johannes</span> <span class='ocrx_word' id='word_1_202' title='bbox 620 2630 660 2693; x_wconf 91' lang='lat' dir='ltr'>de</span> <span class='ocrx_word' id='word_1_203' title='bbox 683 2628 715 2692; x_wconf 87' lang='lat' dir='ltr'>la</span> <span class='ocrx_word' id='word_1_204' title='bbox 739 2627 859 2693; x_wconf 87' lang='lat' dir='ltr'>Strode</span> <span class='ocrx_word' id='word_1_205' title='bbox 885 2633 980 2693; x_wconf 88' lang='lat' dir='ltr'>tenet</span> <span class='ocrx_word' id='word_1_206' title='bbox 1008 2649 1108 2692; x_wconf 89' lang='lat' dir='ltr'>unam</span> <span class='ocrx_word' id='word_1_207' title='bbox 1134 2634 1322 2695; x_wconf 84' lang='lat' dir='ltr'>carucatam</span> <span class='ocrx_word' id='word_1_208' title='bbox 1346 2633 1436 2696; x_wconf 83' lang='lat' dir='ltr'>terre</span> <span class='ocrx_word' id='word_1_209' title='bbox 1451 2631 1488 2695; x_wconf 92' lang='lat' dir='ltr'>in</span> <span class='ocrx_word' id='word_1_210' title='bbox 1503 2631 1617 2697; x_wconf 88' lang='lat' dir='ltr'>eadem</span> <span class='ocrx_word' id='word_1_211' title='bbox 1634 2632 1716 2697; x_wconf 89' lang='lat' dir='ltr'>villa</span> <span class='ocrx_word' id='word_1_212' title='bbox 1745 2633 1787 2698; x_wconf 92' lang='lat' dir='ltr'>de</span> 
     </span>
     <span class='ocr_line' id='line_1_22' title="bbox 281 2716 1785 2809; baseline 0.003 -25"><span class='ocrx_word' id='word_1_213' title='bbox 281 2718 456 2784; x_wconf 89' lang='lat' dir='ltr'>heredibus</span> <span class='ocrx_word' id='word_1_214' title='bbox 480 2719 610 2782; x_wconf 90' lang='lat' dir='ltr'>comitis</span> <span class='ocrx_word' id='word_1_215' title='bbox 634 2716 860 2802; x_wconf 85' lang='lat' dir='ltr'>Marescallye,</span> <span class='ocrx_word' id='word_1_216' title='bbox 875 2722 909 2784; x_wconf 88' lang='lat' dir='ltr'>et</span> <span class='ocrx_word' id='word_1_217' title='bbox 924 2716 1063 2803; x_wconf 86' lang='lat' dir='ltr'>predicti</span> <span class='ocrx_word' id='word_1_218' title='bbox 1079 2717 1217 2783; x_wconf 87' lang='lat' dir='ltr'>heredes</span> <span class='ocrx_word' id='word_1_219' title='bbox 1240 2719 1282 2784; x_wconf 90' lang='lat' dir='ltr'>de</span> <span class='ocrx_word' id='word_1_220' title='bbox 1302 2719 1437 2785; x_wconf 91' lang='lat' dir='ltr'>domino</span> <span class='ocrx_word' id='word_1_221' title='bbox 1452 2741 1529 2809; x_wconf 89' lang='lat' dir='ltr'>rege</span> <span class='ocrx_word' id='word_1_222' title='bbox 1544 2721 1566 2788; x_wconf 92' lang='lat' dir='ltr'>i.</span> <span class='ocrx_word' id='word_1_223' title='bbox 1580 2742 1609 2789; x_wconf 89' lang='lat' dir='ltr'>c.</span> <span class='ocrx_word' id='word_1_224' title='bbox 1623 2742 1684 2807; x_wconf 88' lang='lat' dir='ltr'>per</span> <span class='ocrx_word' id='word_1_225' title='bbox 1698 2721 1785 2808; x_wconf 92' lang='lat' dir='ltr'>quod</span> 
     </span>
     <span class='ocr_line' id='line_1_23' title="bbox 280 2807 633 2894; baseline -0.006 -20"><span class='ocrx_word' id='word_1_226' title='bbox 280 2808 454 2874; x_wconf 90' lang='lat' dir='ltr'>servicium</span> <span class='ocrx_word' id='word_1_227' title='bbox 471 2807 633 2894; x_wconf 75' lang='lat' dir='ltr'>ignorant</span> 
     </span>
    </p>
   </div>
   <div class='ocr_carea' id='block_1_8' title="bbox 280 3180 1788 3431">
    <p class='ocr_par' dir='ltr' id='par_1_8' title="bbox 280 3180 1788 3431">
     <span class='ocr_line' id='line_1_24' title="bbox 325 3180 1788 3270; baseline 0.001 -22"><span class='ocrx_word' id='word_1_228' title='bbox 325 3185 412 3251; x_wconf 88' lang='lat' dir='ltr'>Item</span> <span class='ocrx_word' id='word_1_229' title='bbox 439 3185 480 3250; x_wconf 90' lang='lat' dir='ltr'>de</span> <span class='ocrx_word' id='word_1_230' title='bbox 503 3183 639 3251; x_wconf 87' lang='lat' dir='ltr'>essartis</span> <span class='ocrx_word' id='word_1_231' title='bbox 663 3188 697 3250; x_wconf 92' lang='lat' dir='ltr'>et</span> <span class='ocrx_word' id='word_1_232' title='bbox 723 3182 949 3270; x_wconf 87' lang='lat' dir='ltr'>purpresturis</span> <span class='ocrx_word' id='word_1_233' title='bbox 972 3181 1090 3249; x_wconf 90' lang='lat' dir='ltr'>dicunt</span> <span class='ocrx_word' id='word_1_234' title='bbox 1113 3180 1202 3269; x_wconf 90' lang='lat' dir='ltr'>quod</span> <span class='ocrx_word' id='word_1_235' title='bbox 1228 3180 1404 3269; x_wconf 90' lang='lat' dir='ltr'>Philippus</span> <span class='ocrx_word' id='word_1_236' title='bbox 1419 3181 1542 3248; x_wconf 92' lang='lat' dir='ltr'>Dunne</span> <span class='ocrx_word' id='word_1_237' title='bbox 1566 3182 1694 3250; x_wconf 91' lang='lat' dir='ltr'>solebat</span> <span class='ocrx_word' id='word_1_238' title='bbox 1708 3185 1788 3250; x_wconf 81' lang='lat' dir='ltr'>dare</span> 
     </span>
     <span class='ocr_line' id='line_1_25' title="bbox 280 3271 1786 3431; baseline 0 -92"><span class='ocrx_word' id='word_1_239' title='bbox 280 3296 486 3431; x_wconf 51' lang='lat' dir='ltr'>pgrmplppum</span> <span class='ocrx_word' id='word_1_240' title='bbox 509 3274 644 3341; x_wconf 92' lang='lat' dir='ltr'>domino</span> <span class='ocrx_word' id='word_1_241' title='bbox 667 3275 737 3363; x_wconf 84' lang='lat' dir='ltr'>regi</span> <span class='ocrx_word' id='word_1_242' title='bbox 762 3294 823 3361; x_wconf 88' lang='lat' dir='ltr'>pro</span> <span class='ocrx_word' id='word_1_243' title='bbox 838 3277 967 3339; x_wconf 82' lang='grc'>6666116</span> <span class='ocrx_word' id='word_1_244' title='bbox 982 3272 1027 3359; x_wconf 88' lang='lat' dir='ltr'>vj.</span> <span class='ocrx_word' id='word_1_245' title='bbox 1038 3293 1063 3337; x_wconf 89' lang='grc'>6.</span> <span class='ocrx_word' id='word_1_246' title='bbox 1080 3275 1115 3338; x_wconf 89' lang='grc'>61</span> <span class='ocrx_word' id='word_1_247' title='bbox 1141 3271 1350 3339; x_wconf 86' lang='lat' dir='ltr'>subtractum</span> <span class='ocrx_word' id='word_1_248' title='bbox 1375 3276 1427 3339; x_wconf 89' lang='lat' dir='ltr'>est</span> <span class='ocrx_word' id='word_1_249' title='bbox 1452 3294 1513 3358; x_wconf 88' lang='lat' dir='ltr'>per</span> <span class='ocrx_word' id='word_1_250' title='bbox 1527 3272 1730 3341; x_wconf 89' lang='lat' dir='ltr'>abbatissam</span> <span class='ocrx_word' id='word_1_251' title='bbox 1745 3274 1786 3339; x_wconf 92' lang='lat' dir='ltr'>de</span> 
     </span>
    </p>
   </div>
   <div class='ocr_carea' id='block_1_9' title="bbox 280 3474 1788 3654">
    <p class='ocr_par' dir='ltr' id='par_1_9' title="bbox 280 3474 1788 3654">
     <span class='ocr_line' id='line_1_26' title="bbox 326 3474 1788 3565; baseline 0 -22"><span class='ocrx_word' id='word_1_252' title='bbox 326 3480 412 3545; x_wconf 89' lang='lat' dir='ltr'>Item</span> <span class='ocrx_word' id='word_1_253' title='bbox 444 3478 630 3544; x_wconf 89' lang='lat' dir='ltr'>Willelmus</span> <span class='ocrx_word' id='word_1_254' title='bbox 660 3477 776 3543; x_wconf 89' lang='lat' dir='ltr'>Semer</span> <span class='ocrx_word' id='word_1_255' title='bbox 805 3476 932 3543; x_wconf 82' lang='lat' dir='ltr'>solebat</span> <span class='ocrx_word' id='word_1_256' title='bbox 963 3476 1042 3541; x_wconf 90' lang='lat' dir='ltr'>dare</span> <span class='ocrx_word' id='word_1_257' title='bbox 1072 3475 1160 3561; x_wconf 75' lang='lat' dir='ltr'>iiijor.</span> <span class='ocrx_word' id='word_1_258' title='bbox 1170 3496 1197 3541; x_wconf 86' lang='grc'>6.</span> <span class='ocrx_word' id='word_1_259' title='bbox 1227 3475 1362 3542; x_wconf 91' lang='lat' dir='ltr'>domino</span> <span class='ocrx_word' id='word_1_260' title='bbox 1387 3474 1459 3564; x_wconf 76' lang='lat' dir='ltr'>regi</span> <span class='ocrx_word' id='word_1_261' title='bbox 1488 3498 1549 3562; x_wconf 88' lang='lat' dir='ltr'>per</span> <span class='ocrx_word' id='word_1_262' title='bbox 1577 3498 1702 3544; x_wconf 91' lang='lat' dir='ltr'>annum</span> <span class='ocrx_word' id='word_1_263' title='bbox 1729 3499 1788 3565; x_wconf 91' lang='lat' dir='ltr'>pro</span> 
     </span>
     <span class='ocr_line' id='line_1_27' title="bbox 280 3564 1198 3654; baseline -0.003 -19"><span class='ocrx_word' id='word_1_264' title='bbox 280 3575 420 3646; x_wconf 83' lang='lat' dir='ltr'>asserto,</span> <span class='ocrx_word' id='word_1_265' title='bbox 435 3574 469 3635; x_wconf 89' lang='lat' dir='ltr'>et</span> <span class='ocrx_word' id='word_1_266' title='bbox 484 3568 695 3634; x_wconf 88' lang='lat' dir='ltr'>subtractum</span> <span class='ocrx_word' id='word_1_267' title='bbox 711 3572 745 3633; x_wconf 90' lang='grc'>61</span> <span class='ocrx_word' id='word_1_268' title='bbox 760 3588 820 3654; x_wconf 91' lang='lat' dir='ltr'>per</span> <span class='ocrx_word' id='word_1_269' title='bbox 835 3567 972 3633; x_wconf 88' lang='lat' dir='ltr'>candem</span> <span class='ocrx_word' id='word_1_270' title='bbox 987 3564 1198 3633; x_wconf 81' lang='lat' dir='ltr'>abbatissam</span> 
     </span>
    </p>
   </div>
   <div class='ocr_carea' id='block_1_10' title="bbox 281 3678 1788 3858">
    <p class='ocr_par' dir='ltr' id='par_1_10' title="bbox 281 3678 1788 3858">
     <span class='ocr_line' id='line_1_28' title="bbox 326 3678 1788 3767; baseline 0 -20"><span class='ocrx_word' id='word_1_271' title='bbox 326 3683 412 3748; x_wconf 90' lang='lat' dir='ltr'>Item</span> <span class='ocrx_word' id='word_1_272' title='bbox 428 3680 596 3747; x_wconf 89' lang='lat' dir='ltr'>Walterus</span> <span class='ocrx_word' id='word_1_273' title='bbox 626 3680 657 3745; x_wconf 95' lang='grc'>16</span> <span class='ocrx_word' id='word_1_274' title='bbox 688 3681 834 3746; x_wconf 90' lang='lat' dir='ltr'>Palmere</span> <span class='ocrx_word' id='word_1_275' title='bbox 865 3679 992 3747; x_wconf 84' lang='lat' dir='ltr'>solebat</span> <span class='ocrx_word' id='word_1_276' title='bbox 1020 3679 1101 3745; x_wconf 87' lang='lat' dir='ltr'>dare</span> <span class='ocrx_word' id='word_1_277' title='bbox 1126 3680 1261 3745; x_wconf 90' lang='lat' dir='ltr'>domino</span> <span class='ocrx_word' id='word_1_278' title='bbox 1287 3678 1358 3766; x_wconf 87' lang='lat' dir='ltr'>regi</span> <span class='ocrx_word' id='word_1_279' title='bbox 1387 3699 1596 3765; x_wconf 87' lang='lat' dir='ltr'>perannum</span> <span class='ocrx_word' id='word_1_280' title='bbox 1622 3680 1656 3766; x_wconf 89' lang='lat' dir='ltr'>ij.</span> <span class='ocrx_word' id='word_1_281' title='bbox 1679 3701 1704 3746; x_wconf 86' lang='lat' dir='ltr'>a</span> <span class='ocrx_word' id='word_1_282' title='bbox 1727 3701 1788 3767; x_wconf 92' lang='lat' dir='ltr'>pro</span> 
     </span>
     <span class='ocr_line' id='line_1_29' title="bbox 281 3769 1200 3858; baseline -0.007 -19"><span class='ocrx_word' id='word_1_283' title='bbox 281 3778 418 3849; x_wconf 84' lang='lat' dir='ltr'>asserto,</span> <span class='ocrx_word' id='word_1_284' title='bbox 433 3778 468 3838; x_wconf 89' lang='lat' dir='ltr'>et</span> <span class='ocrx_word' id='word_1_285' title='bbox 483 3771 693 3838; x_wconf 89' lang='lat' dir='ltr'>subtractum</span> <span class='ocrx_word' id='word_1_286' title='bbox 709 3775 760 3837; x_wconf 90' lang='lat' dir='ltr'>est</span> <span class='ocrx_word' id='word_1_287' title='bbox 774 3791 835 3858; x_wconf 90' lang='lat' dir='ltr'>per</span> <span class='ocrx_word' id='word_1_288' title='bbox 849 3769 973 3837; x_wconf 87' lang='lat' dir='ltr'>dictum</span> <span class='ocrx_word' id='word_1_289' title='bbox 989 3769 1200 3835; x_wconf 86' lang='lat' dir='ltr'>abbatissam.</span> 
     </span>
    </p>
   </div>
   <div class='ocr_carea' id='block_1_11' title="bbox 280 3879 1788 4042">
    <p class='ocr_par' dir='ltr' id='par_1_11' title="bbox 280 3879 1788 4042">
     <span class='ocr_line' id='line_1_30' title="bbox 327 3879 1788 3970; baseline 0.001 -21"><span class='ocrx_word' id='word_1_290' title='bbox 327 3886 413 3951; x_wconf 88' lang='lat' dir='ltr'>Item</span> <span class='ocrx_word' id='word_1_291' title='bbox 429 3884 453 3951; x_wconf 91' lang='lat' dir='ltr'><strong>J</strong></span> <span class='ocrx_word' id='word_1_292' title='bbox 453 3885 600 3950; x_wconf 90' lang='lat' dir='ltr'>ohannes</span> <span class='ocrx_word' id='word_1_293' title='bbox 615 3884 657 3949; x_wconf 91' lang='lat' dir='ltr'>de</span> <span class='ocrx_word' id='word_1_294' title='bbox 666 3882 897 3970; x_wconf 86' lang='lat' dir='ltr'>Turepulevile</span> <span class='ocrx_word' id='word_1_295' title='bbox 913 3883 973 3949; x_wconf 91' lang='lat' dir='ltr'>dat</span> <span class='ocrx_word' id='word_1_296' title='bbox 987 3904 1047 3969; x_wconf 92' lang='lat' dir='ltr'>per</span> <span class='ocrx_word' id='word_1_297' title='bbox 1061 3902 1188 3949; x_wconf 90' lang='lat' dir='ltr'>aunum</span> <span class='ocrx_word' id='word_1_298' title='bbox 1202 3880 1339 3947; x_wconf 88' lang='lat' dir='ltr'>domino</span> <span class='ocrx_word' id='word_1_299' title='bbox 1351 3880 1422 3969; x_wconf 85' lang='lat' dir='ltr'>regi</span> <span class='ocrx_word' id='word_1_300' title='bbox 1438 3879 1527 3966; x_wconf 78' lang='lat' dir='ltr'>iiijor.</span> <span class='ocrx_word' id='word_1_301' title='bbox 1536 3903 1560 3947; x_wconf 88' lang='lat' dir='ltr'>e.</span> <span class='ocrx_word' id='word_1_302' title='bbox 1577 3902 1637 3969; x_wconf 89' lang='lat' dir='ltr'>pro</span> <span class='ocrx_word' id='word_1_303' title='bbox 1651 3888 1788 3962; x_wconf 77' lang='lat' dir='ltr'>maara,</span> 
     </span>
     <span class='ocr_line' id='line_1_31' title="bbox 280 3974 645 4042; baseline -0.008 0"><span class='ocrx_word' id='word_1_304' title='bbox 280 3982 315 4042; x_wconf 90' lang='lat' dir='ltr'>ct</span> <span class='ocrx_word' id='word_1_305' title='bbox 329 3975 437 4042; x_wconf 91' lang='lat' dir='ltr'>solvet</span> <span class='ocrx_word' id='word_1_306' title='bbox 451 3974 645 4041; x_wconf 87' lang='lat' dir='ltr'>vicecomiti.</span> 
     </span>
    </p>
   </div>
   <div class='ocr_carea' id='block_1_12' title="bbox 407 4330 1662 4404">
    <p class='ocr_par' dir='ltr' id='par_1_12' title="bbox 407 4330 1662 4404">
     <span class='ocr_line' id='line_1_32' title="bbox 407 4330 1662 4404; baseline -0.002 0"><span class='ocrx_word' id='word_1_307' title='bbox 407 4338 642 4404; x_wconf 83' lang='lat' dir='ltr'>Vuaumoruu</span> <span class='ocrx_word' id='word_1_308' title='bbox 666 4334 950 4401; x_wconf 82' lang='lat' dir='ltr'>Huunssnoauu</span> <span class='ocrx_word' id='word_1_309' title='bbox 973 4348 1020 4397; x_wconf 84' lang='lat' dir='ltr'>uu</span> <span class='ocrx_word' id='word_1_310' title='bbox 1043 4330 1264 4399; x_wconf 81' lang='lat' dir='ltr'>ONOL&#39;I&#39;ON</span> <span class='ocrx_word' id='word_1_311' title='bbox 1286 4348 1330 4399; x_wconf 77' lang='lat' dir='ltr'>rr</span> <span class='ocrx_word' id='word_1_312' title='bbox 1351 4332 1662 4401; x_wconf 82' lang='lat' dir='ltr'><strong>UPWYMBORN.</strong></span> 
     </span>
    </p>
   </div>
   <div class='ocr_carea' id='block_1_13' title="bbox 282 4485 1789 4841">
    <p class='ocr_par' dir='ltr' id='par_1_13' title="bbox 282 4485 1789 4841">
     <span class='ocr_line' id='line_1_33' title="bbox 324 4485 1789 4573; baseline -0.005 -12"><span class='ocrx_word' id='word_1_313' title='bbox 324 4496 499 4561; x_wconf 69' lang='lat' dir='ltr'>iuratores</span> <span class='ocrx_word' id='word_1_314' title='bbox 522 4490 604 4557; x_wconf 88' lang='lat' dir='ltr'>dicti</span> <span class='ocrx_word' id='word_1_315' title='bbox 626 4488 800 4563; x_wconf 89' lang='lat' dir='ltr'>hundredi,</span> <span class='ocrx_word' id='word_1_316' title='bbox 818 4487 938 4553; x_wconf 89' lang='lat' dir='ltr'>Petrus</span> <span class='ocrx_word' id='word_1_317' title='bbox 953 4485 1186 4573; x_wconf 79' lang='lat' dir='ltr'>Ihenchefoyl,</span> <span class='ocrx_word' id='word_1_318' title='bbox 1201 4486 1365 4554; x_wconf 87' lang='lat' dir='ltr'>Ricardus</span> <span class='ocrx_word' id='word_1_319' title='bbox 1387 4487 1429 4552; x_wconf 92' lang='lat' dir='ltr'>de</span> <span class='ocrx_word' id='word_1_320' title='bbox 1451 4486 1623 4564; x_wconf 89' lang='lat' dir='ltr'>Lunerlea,</span> <span class='ocrx_word' id='word_1_321' title='bbox 1637 4487 1789 4554; x_wconf 85' lang='lat' dir='ltr'>Andreas</span> 
     </span>
     <span class='ocr_line' id='line_1_34' title="bbox 284 4574 1789 4663; baseline -0.005 -13"><span class='ocrx_word' id='word_1_322' title='bbox 284 4586 325 4650; x_wconf 92' lang='lat' dir='ltr'>de</span> <span class='ocrx_word' id='word_1_323' title='bbox 341 4584 451 4659; x_wconf 81' lang='lat' dir='ltr'>Stura,</span> <span class='ocrx_word' id='word_1_324' title='bbox 465 4581 629 4647; x_wconf 89' lang='lat' dir='ltr'>Ricardus</span> <span class='ocrx_word' id='word_1_325' title='bbox 653 4579 685 4643; x_wconf 92' lang='lat' dir='ltr'>le</span> <span class='ocrx_word' id='word_1_326' title='bbox 708 4576 845 4662; x_wconf 87' lang='lat' dir='ltr'>Bayllif,</span> <span class='ocrx_word' id='word_1_327' title='bbox 860 4576 1029 4642; x_wconf 78' lang='lat' dir='ltr'>Iohannes</span> <span class='ocrx_word' id='word_1_328' title='bbox 1054 4575 1086 4641; x_wconf 92' lang='lat' dir='ltr'>le</span> <span class='ocrx_word' id='word_1_329' title='bbox 1111 4575 1237 4640; x_wconf 91' lang='lat' dir='ltr'>Dulilir</span> <span class='ocrx_word' id='word_1_330' title='bbox 1262 4575 1403 4660; x_wconf 78' lang='lat' dir='ltr'>(rectius</span> <span class='ocrx_word' id='word_1_331' title='bbox 1429 4574 1618 4663; x_wconf 87' lang='lat' dir='ltr'>Butcyllir)‚</span> <span class='ocrx_word' id='word_1_332' title='bbox 1640 4574 1789 4663; x_wconf 76' lang='lat' dir='ltr'>Reganus</span> 
     </span>
     <span class='ocr_line' id='line_1_35' title="bbox 282 4663 1788 4759; baseline -0.005 -21"><span class='ocrx_word' id='word_1_333' title='bbox 282 4674 392 4759; x_wconf 88' lang='lat' dir='ltr'>Davy,</span> <span class='ocrx_word' id='word_1_334' title='bbox 421 4670 593 4737; x_wconf 85' lang='lat' dir='ltr'>Johannes</span> <span class='ocrx_word' id='word_1_335' title='bbox 624 4668 654 4733; x_wconf 94' lang='lat' dir='ltr'>le</span> <span class='ocrx_word' id='word_1_336' title='bbox 685 4666 808 4742; x_wconf 85' lang='lat' dir='ltr'>Gentil,</span> <span class='ocrx_word' id='word_1_337' title='bbox 831 4664 1004 4730; x_wconf 88' lang='lat' dir='ltr'>Johannes</span> <span class='ocrx_word' id='word_1_338' title='bbox 1039 4664 1081 4730; x_wconf 91' lang='grc'>(16</span> <span class='ocrx_word' id='word_1_339' title='bbox 1108 4664 1259 4741; x_wconf 85' lang='lat' dir='ltr'>Gussieh,</span> <span class='ocrx_word' id='word_1_340' title='bbox 1282 4663 1446 4731; x_wconf 87' lang='lat' dir='ltr'>Ricardus</span> <span class='ocrx_word' id='word_1_341' title='bbox 1465 4664 1508 4731; x_wconf 92' lang='lat' dir='ltr'>de</span> <span class='ocrx_word' id='word_1_342' title='bbox 1533 4664 1788 4755; x_wconf 90' lang='lat' dir='ltr'>Brochampton,</span> 
     </span>
     <span class='ocr_line' id='line_1_36' title="bbox 282 4752 1575 4841; baseline -0.005 -13"><span class='ocrx_word' id='word_1_343' title='bbox 282 4762 453 4829; x_wconf 84' lang='lat' dir='ltr'>Johannes</span> <span class='ocrx_word' id='word_1_344' title='bbox 468 4758 509 4824; x_wconf 89' lang='lat' dir='ltr'>da</span> <span class='ocrx_word' id='word_1_345' title='bbox 526 4756 782 4840; x_wconf 87' lang='lat' dir='ltr'>Brochampton,</span> <span class='ocrx_word' id='word_1_346' title='bbox 798 4753 915 4819; x_wconf 88' lang='lat' dir='ltr'>Petrus</span> <span class='ocrx_word' id='word_1_347' title='bbox 931 4752 971 4818; x_wconf 92' lang='lat' dir='ltr'>de</span> <span class='ocrx_word' id='word_1_348' title='bbox 987 4752 1243 4838; x_wconf 88' lang='lat' dir='ltr'>Brochamp&#39;tou,</span> <span class='ocrx_word' id='word_1_349' title='bbox 1259 4753 1458 4841; x_wconf 85' lang='lat' dir='ltr'>Ranulphus</span> <span class='ocrx_word' id='word_1_350' title='bbox 1472 4754 1575 4821; x_wconf 81' lang='lat' dir='ltr'>Terri.</span> 
     </span>
    </p>
   </div>
   <div class='ocr_carea' id='block_1_14' title="bbox 282 4865 1790 5318">
    <p class='ocr_par' dir='ltr' id='par_1_14' title="bbox 282 4865 1790 5318">
     <span class='ocr_line' id='line_1_37' title="bbox 326 4865 1789 4952; baseline -0.004 -11"><span class='ocrx_word' id='word_1_351' title='bbox 326 4876 378 4942; x_wconf 88' lang='lat' dir='ltr'>De</span> <span class='ocrx_word' id='word_1_352' title='bbox 411 4870 579 4946; x_wconf 86' lang='lat' dir='ltr'>extractis,</span> <span class='ocrx_word' id='word_1_353' title='bbox 611 4865 929 4933; x_wconf 88' lang='lat' dir='ltr'>summonicionibus</span> <span class='ocrx_word' id='word_1_354' title='bbox 956 4865 1120 4943; x_wconf 89' lang='lat' dir='ltr'>scaccarii,</span> <span class='ocrx_word' id='word_1_355' title='bbox 1146 4866 1204 4931; x_wconf 75' lang='lat' dir='ltr'>dac</span> <span class='ocrx_word' id='word_1_356' title='bbox 1268 4866 1395 4934; x_wconf 89' lang='lat' dir='ltr'>Dicunt</span> <span class='ocrx_word' id='word_1_357' title='bbox 1422 4868 1511 4952; x_wconf 91' lang='lat' dir='ltr'>quod</span> <span class='ocrx_word' id='word_1_358' title='bbox 1535 4868 1721 4934; x_wconf 91' lang='lat' dir='ltr'>Willelmus</span> <span class='ocrx_word' id='word_1_359' title='bbox 1747 4870 1789 4935; x_wconf 91' lang='lat' dir='ltr'>de</span> 
     </span>
     <span class='ocr_line' id='line_1_38' title="bbox 284 4954 1789 5043; baseline -0.005 -11"><span class='ocrx_word' id='word_1_360' title='bbox 284 4968 407 5033; x_wconf 89' lang='lat' dir='ltr'>Breuse</span> <span class='ocrx_word' id='word_1_361' title='bbox 429 4961 531 5029; x_wconf 87' lang='lat' dir='ltr'>habet</span> <span class='ocrx_word' id='word_1_362' title='bbox 552 4958 762 5024; x_wconf 87' lang='lat' dir='ltr'>hundredum</span> <span class='ocrx_word' id='word_1_363' title='bbox 779 4954 820 5021; x_wconf 91' lang='lat' dir='ltr'>de</span> <span class='ocrx_word' id='word_1_364' title='bbox 843 4955 1004 5033; x_wconf 88' lang='lat' dir='ltr'>Knolton,</span> <span class='ocrx_word' id='word_1_365' title='bbox 1027 4959 1061 5020; x_wconf 86' lang='lat' dir='ltr'>et</span> <span class='ocrx_word' id='word_1_366' title='bbox 1086 4954 1251 5021; x_wconf 87' lang='lat' dir='ltr'>Robertus</span> <span class='ocrx_word' id='word_1_367' title='bbox 1273 4957 1314 5022; x_wconf 92' lang='grc'>(16</span> <span class='ocrx_word' id='word_1_368' title='bbox 1337 4956 1436 5043; x_wconf 88' lang='lat' dir='ltr'>Pleey</span> <span class='ocrx_word' id='word_1_369' title='bbox 1452 4957 1555 5024; x_wconf 90' lang='lat' dir='ltr'>habet</span> <span class='ocrx_word' id='word_1_370' title='bbox 1579 4958 1789 5025; x_wconf 91' lang='lat' dir='ltr'>hundredum</span> 
     </span>
     <span class='ocr_line' id='line_1_39' title="bbox 282 5044 1790 5141; baseline -0.005 -19"><span class='ocrx_word' id='word_1_371' title='bbox 282 5057 323 5122; x_wconf 91' lang='lat' dir='ltr'>de</span> <span class='ocrx_word' id='word_1_372' title='bbox 347 5050 587 5141; x_wconf 85' lang='lat' dir='ltr'>Upwymborn,</span> <span class='ocrx_word' id='word_1_373' title='bbox 613 5048 654 5113; x_wconf 93' lang='lat' dir='ltr'>de</span> <span class='ocrx_word' id='word_1_374' title='bbox 684 5045 947 5113; x_wconf 88' lang='lat' dir='ltr'>antecessoribus</span> <span class='ocrx_word' id='word_1_375' title='bbox 976 5044 1109 5111; x_wconf 87' lang='lat' dir='ltr'>comitis</span> <span class='ocrx_word' id='word_1_376' title='bbox 1136 5044 1324 5125; x_wconf 86' lang='lat' dir='ltr'>Glovemie,</span> <span class='ocrx_word' id='word_1_377' title='bbox 1352 5051 1388 5112; x_wconf 90' lang='lat' dir='ltr'>et</span> <span class='ocrx_word' id='word_1_378' title='bbox 1416 5046 1544 5114; x_wconf 88' lang='lat' dir='ltr'>habent</span> <span class='ocrx_word' id='word_1_379' title='bbox 1565 5048 1733 5135; x_wconf 87' lang='lat' dir='ltr'>seysinam</span> <span class='ocrx_word' id='word_1_380' title='bbox 1748 5050 1790 5115; x_wconf 92' lang='lat' dir='ltr'>de</span> 
     </span>
     <span class='ocr_line' id='line_1_40' title="bbox 282 5134 1789 5224; baseline -0.003 -14"><span class='ocrx_word' id='word_1_381' title='bbox 282 5142 450 5222; x_wconf 82' lang='lat' dir='ltr'>extractis,</span> <span class='ocrx_word' id='word_1_382' title='bbox 466 5141 552 5206; x_wconf 92' lang='lat' dir='ltr'>sicut</span> <span class='ocrx_word' id='word_1_383' title='bbox 572 5158 679 5203; x_wconf 89' lang='lat' dir='ltr'>comes</span> <span class='ocrx_word' id='word_1_384' title='bbox 704 5134 882 5202; x_wconf 87' lang='lat' dir='ltr'>Glovernie</span> <span class='ocrx_word' id='word_1_385' title='bbox 907 5134 1000 5221; x_wconf 88' lang='lat' dir='ltr'>prius</span> <span class='ocrx_word' id='word_1_386' title='bbox 1025 5134 1147 5200; x_wconf 87' lang='lat' dir='ltr'>habuit</span> <span class='ocrx_word' id='word_1_387' title='bbox 1169 5156 1190 5199; x_wconf 92' lang='lat' dir='ltr'>a</span> <span class='ocrx_word' id='word_1_388' title='bbox 1213 5139 1283 5201; x_wconf 89' lang='lat' dir='ltr'>tem</span> <span class='ocrx_word' id='word_1_389' title='bbox 1325 5158 1362 5202; x_wconf 86' lang='lat' dir='ltr'>re</span> <span class='ocrx_word' id='word_1_390' title='bbox 1388 5157 1455 5224; x_wconf 90' lang='lat' dir='ltr'>quo</span> <span class='ocrx_word' id='word_1_391' title='bbox 1481 5158 1549 5203; x_wconf 89' lang='lat' dir='ltr'>non</span> <span class='ocrx_word' id='word_1_392' title='bbox 1575 5139 1720 5206; x_wconf 88' lang='lat' dir='ltr'>occurrit</span> <span class='ocrx_word' id='word_1_393' title='bbox 1741 5140 1789 5205; x_wconf 90' lang='lat' dir='ltr'>eis</span> 
     </span>
     <span class='ocr_line' id='line_1_41' title="bbox 283 5223 1788 5318; baseline -0.005 -18"><span class='ocrx_word' id='word_1_394' title='bbox 283 5232 439 5301; x_wconf 89' lang='lat' dir='ltr'>memorie</span> <span class='ocrx_word' id='word_1_395' title='bbox 456 5229 545 5318; x_wconf 81' lang='lat' dir='ltr'>(sio),</span> <span class='ocrx_word' id='word_1_396' title='bbox 560 5234 596 5294; x_wconf 93' lang='lat' dir='ltr'>et</span> <span class='ocrx_word' id='word_1_397' title='bbox 609 5226 728 5293; x_wconf 88' lang='lat' dir='ltr'>ballivi</span> <span class='ocrx_word' id='word_1_398' title='bbox 743 5246 856 5291; x_wconf 91' lang='lat' dir='ltr'>eorum</span> <span class='ocrx_word' id='word_1_399' title='bbox 872 5223 1015 5291; x_wconf 91' lang='lat' dir='ltr'>fideliter</span> <span class='ocrx_word' id='word_1_400' title='bbox 1037 5225 1240 5313; x_wconf 86' lang='lat' dir='ltr'>respondent</span> <span class='ocrx_word' id='word_1_401' title='bbox 1262 5226 1448 5293; x_wconf 91' lang='lat' dir='ltr'>v1eecomiti</span> <span class='ocrx_word' id='word_1_402' title='bbox 1464 5226 1505 5294; x_wconf 90' lang='lat' dir='ltr'>de</span> <span class='ocrx_word' id='word_1_403' title='bbox 1520 5227 1642 5294; x_wconf 90' lang='lat' dir='ltr'>debitis</span> <span class='ocrx_word' id='word_1_404' title='bbox 1662 5228 1788 5295; x_wconf 90' lang='lat' dir='ltr'>domini</span> 
     </span>
    </p>
   </div>
   <div class='ocr_carea' id='block_1_15' title="bbox 281 5314 1702 5521">
    <p class='ocr_par' dir='ltr' id='par_1_15' title="bbox 281 5314 1702 5521">
     <span class='ocr_line' id='line_1_42' title="bbox 281 5314 1452 5413; baseline -0.008 -22"><span class='ocrx_word' id='word_1_405' title='bbox 281 5326 369 5413; x_wconf 84' lang='lat' dir='ltr'>regis</span> <span class='ocrx_word' id='word_1_406' title='bbox 384 5344 444 5410; x_wconf 89' lang='lat' dir='ltr'>per</span> <span class='ocrx_word' id='word_1_407' title='bbox 458 5323 626 5387; x_wconf 83' lang='lat' dir='ltr'>extractas</span> <span class='ocrx_word' id='word_1_408' title='bbox 641 5338 724 5403; x_wconf 91' lang='lat' dir='ltr'>quas</span> <span class='ocrx_word' id='word_1_409' title='bbox 738 5315 891 5401; x_wconf 91' lang='lat' dir='ltr'>capitalis</span> <span class='ocrx_word' id='word_1_410' title='bbox 907 5314 1052 5381; x_wconf 90' lang='lat' dir='ltr'>ballivus</span> <span class='ocrx_word' id='word_1_411' title='bbox 1066 5315 1247 5383; x_wconf 88' lang='lat' dir='ltr'>comitatus</span> <span class='ocrx_word' id='word_1_412' title='bbox 1261 5315 1310 5382; x_wconf 91' lang='lat' dir='ltr'>eis</span> <span class='ocrx_word' id='word_1_413' title='bbox 1324 5315 1452 5382; x_wconf 86' lang='lat' dir='ltr'>liberat</span> 
     </span>
     <span class='ocr_line' id='line_1_43' title="bbox 327 5429 1702 5521; baseline -0.004 -15"><span class='ocrx_word' id='word_1_414' title='bbox 327 5440 418 5521; x_wconf 85' lang='lat' dir='ltr'>Quot</span> <span class='ocrx_word' id='word_1_415' title='bbox 432 5436 548 5503; x_wconf 87' lang='lat' dir='ltr'>villata</span> <span class='ocrx_word' id='word_1_416' title='bbox 563 5434 599 5501; x_wconf 90' lang='lat' dir='ltr'>in</span> <span class='ocrx_word' id='word_1_417' title='bbox 612 5431 804 5510; x_wconf 89' lang='lat' dir='ltr'>hundredis,</span> <span class='ocrx_word' id='word_1_418' title='bbox 818 5452 883 5518; x_wconf 91' lang='lat' dir='ltr'>que</span> <span class='ocrx_word' id='word_1_419' title='bbox 898 5434 979 5498; x_wconf 86' lang='lat' dir='ltr'>sunt</span> <span class='ocrx_word' id='word_1_420' title='bbox 993 5429 1129 5519; x_wconf 82' lang='lat' dir='ltr'>regales,</span> <span class='ocrx_word' id='word_1_421' title='bbox 1145 5451 1204 5498; x_wconf 91' lang='lat' dir='ltr'>seu</span> <span class='ocrx_word' id='word_1_422' title='bbox 1217 5429 1409 5520; x_wconf 85' lang='lat' dir='ltr'>geldabiles,</span> <span class='ocrx_word' id='word_1_423' title='bbox 1424 5438 1460 5499; x_wconf 92' lang='lat' dir='ltr'>et</span> <span class='ocrx_word' id='word_1_424' title='bbox 1474 5452 1540 5517; x_wconf 91' lang='lat' dir='ltr'>que</span> <span class='ocrx_word' id='word_1_425' title='bbox 1554 5452 1631 5510; x_wconf 88' lang='lat' dir='ltr'>neu,</span> <span class='ocrx_word' id='word_1_426' title='bbox 1645 5430 1702 5500; x_wconf 77' lang='lat' dir='ltr'>&amp;c</span> 
     </span>
    </p>
   </div>
   <div class='ocr_carea' id='block_1_16' title="bbox 0 0 2064 6197">
    <p class='ocr_par' dir='ltr' id='par_1_16' title="bbox 0 0 2064 6197">
     <span class='ocr_line' id='line_1_44' title="bbox 0 0 2064 6197; baseline 0 0"><span class='ocrx_word' id='word_1_427' title='bbox 0 0 2064 6197; x_wconf 95' lang='lat' dir='ltr'> </span> 
     </span>
    </p>
   </div>
  </div>
 </body>
</html>
