4117 6200
871 609 952 679 ab.
977 613 1071 677 lasa
1704 607 1724 670 1

266 825 310 891 Ε1
332 825 486 915 Rogerus
511 826 554 893 de
580 823 743 903 Plumber‚
765 823 914 913 Rogerus
941 824 983 891 de
1004 823 1141 911 Gerezy,
1164 828 1282 890 tenent
1305 825 1346 889 de
1370 824 1485 890 eodem
1510 825 1663 910 episeopo
1685 822 1721 888 in

220 913 429 981 Lrosmncs
444 939 499 982 un
516 914 539 983 1.

265 1028 309 1095 Et
332 1030 461 1096 Manus
484 1031 649 1117 Plugenet
669 1037 704 1097 et
718 1029 923 1096 Laurentius
938 1031 979 1096 de
996 1029 1184 1119 Lillington
1200 1034 1317 1096 tenent
1332 1029 1373 1096 de
1389 1030 1503 1095 eodem
1519 1029 1670 1116 episcopo
1685 1029 1721 1093 in

222 1116 318 1184 Bnrr
333 1125 369 1185 et
383 1119 587 1188 errruos
602 1142 657 1186 nn.
673 1121 694 1184 f.

266 1232 310 1299 Et
334 1234 499 1301 Robertus
523 1235 564 1300 de
588 1235 739 1313 London,
756 1239 790 1302 et
812 1235 975 1303 Nicholaa
989 1241 1097 1300 mater
1112 1233 1185 1320 ejus
1199 1237 1317 1300 tenent
1332 1233 1372 1299 de
1388 1233 1502 1299 eodem
1518 1233 1670 1318 episeopo
1685 1231 1721 1295 in

221 1321 461 1410 Persuasum,
478 1325 632 1390 1116666
648 1331 682 1390 et
698 1325 905 1391 errrron
920 1347 974 1389 un.
991 1323 1014 1389 f.

267 1437 312 1504 Et
326 1438 493 1506 Walterus
507 1439 549 1506 de
560 1441 740 1506 Leweston
755 1443 849 1506 tenet
863 1441 905 1505 de
920 1438 1036 1504 eodem
1052 1439 1204 1525 episcopo
1219 1438 1254 1502 in
1271 1438 1461 1504 stusrou
1477 1437 1522 1503 di.
1537 1436 1561 1502 i.

267 1553 312 1618 Et
327 1553 464 1620 heredes
478 1553 500 1620 J
501 1554 595 1621 acobi
611 1554 728 1620 Russel
744 1558 860 1621 tenent
875 1555 916 1619 de
932 1553 1047 1619 eodem
1064 1553 1216 1639 episeopo
1231 1553 1269 1617 in
1285 1552 1473 1618 snrrrnnn
1488 1552 1531 1617 di
1548 1551 1573 1617 f.

268 1666 369 1732 Nulie
384 1668 647 1755 supradictarum
664 1668 820 1734 villarum
836 1673 916 1733 sunt
937 1667 1074 1754 regales,
1090 1689 1150 1733 nec
1171 1666 1366 1754 guldabiles,
1381 1667 1447 1733 nisi
1469 1668 1513 1732 ad
1535 1669 1722 1754 predictum

223 1756 432 1823 hundredum
447 1757 574 1823 domini
589 1758 740 1845 episcopi.

269 1870 358 1936 Item
372 1870 475 1937 abbas
495 1873 536 1937 de
560 1871 727 1938 Shirburn
751 1877 844 1938 tenet
868 1873 904 1937 in
930 1870 1102 1937 hundredo
1127 1871 1275 1958 predicto
1290 1870 1425 1937 villatas
1440 1872 1482 1936 (16
1498 1871 1725 1954 ’1116666066

223 1960 450 2038 Bnannronn,
468 1959 648 2039 0666666,
665 1965 830 2027 Srnwrm
845 1967 879 2027 et
894 1961 1058 2027 Wouuan
1073 1962 1114 2026 de
1129 1962 1262 2027 domino
1277 1983 1355 2048 rege
1375 1961 1395 2025 i.
1419 1981 1445 2026 e.
1492 1960 1536 2026 Et
1555 1963 1727 2048 pertinent

224 2050 268 2115 ad
284 2049 455 2116 baroniam
471 2073 575 2129 suam,
591 2073 652 2138 pro
667 2073 734 2138 qua
749 2051 887 2117 baronia
901 2050 984 2116 facit
999 2051 1175 2116 servicium
1191 2051 1333 2116 duorum
1348 2050 1493 2116 militum
1509 2051 1545 2114 in
1560 2055 1727 2119 excercitu

225 2139 352 2204 domini
375 2140 463 2226 regis
489 2162 548 2225 per
574 2141 634 2206 xla.
659 2142 729 2206 dies
756 2141 944 2226 sumptibus
971 2141 1047 2206 suis.
1094 2141 1139 2206 Et
1164 2140 1336 2207 «Iohannes
1362 2140 1401 2204 de
1426 2138 1558 2226 Hawey
1573 2146 1667 2207 tenet
1685 2143 1726 2209 (16

224 2229 314 2295 dicto
340 2229 461 2296 abbate
487 2230 523 2294 in
550 2229 722 2298 0661601(
736 2230 779 2296 di.
796 2231 817 2296 f.
833 2235 867 2295 et
892 2230 1040 2317 pertinet
1072 2231 1117 2294 ad
1132 2229 1304 2295 baroniam
1331 2229 1471 2314 predicti
1498 2230 1640 2310 abbatis,
1666 2255 1727 2301 nec

225 2318 372 2474 pregiicte
396 2319 476 2385 villa
500 2325 580 2386 sunt
604 2321 739 2410 regales,
764 2341 822 2386 seu
848 2319 1044 2410 guldabiles,
1059 2319 1124 2384 nisi
1140 2319 1183 2384 ad
1199 2319 1410 2385 hundredum
1425 2320 1566 2405 predicti
1583 2323 1728 2410 episcopi

226 2407 264 2473 in
306 2409 498 2496 chyreborn.

272 2767 359 2834 Item
375 2767 417 2834 de
439 2768 706 2855 serpentinae
723 2770 847 2848 dieunt,
862 2769 950 2857 quod
966 2769 988 2836 J
989 2770 1139 2836 ohannes
1153 2769 1326 2857 Godwyne
1341 2770 1383 2837 de
1399 2771 1599 2837 Pursoandel
1621 2772 1731 2838 tenuit

227 2857 400 2962 dimidiam
427 2858 552 2943 hydam
576 2865 664 2963 terre
688 2861 724 2962 in
747 2860 1006 2964 Puascsuuoua
1029 2859 1227 2964 dedomino
1241 2881 1319 2948 rege
1334 2860 1353 2927 i.
1369 2861 1447 2964 cin
1462 2860 1657 2948 serjauncia,
1672 2884 1731 2966 per

228 2968 417 3104 titt
429 2948 1732 3128 66666666666166666(

229 3148 336 3193 unum
351 3128 525 3194 denafium
552 3130 596 3193 ad
620 3129 839 3195 claudendum
865 3150 1001 3216 parcum
1029 3129 1156 3194 domini
1180 3130 1267 3217 regis
1282 3130 1324 3194 de
1338 3129 1551 3233 Gilliugham.
1598 3131 1643 3196 Et
1656 3137 1733 3217 post

231 3217 400 3283 decessum
425 3217 507 3283 dicti
535 3216 699 3285 Johannis
725 3218 893 3285 abbatissa
919 3217 1095 3286 Sheitonie
1120 3218 1207 3305 cepit
1230 3219 1398 3305 seysinam
1422 3219 1509 3284 dicte
1534 3224 1631 3297 terre,
1654 3220 1734 3306 quia

231 3307 321 3372 idem
346 3307 519 3373 Johannes
543 3308 653 3373 tenuit
677 3308 757 3373 dum
784 3308 873 3374 vixit
897 3308 1065 3394 quandam
1091 3312 1213 3373 terram
1228 3308 1270 3373 de
1288 3308 1402 3373 eadem
1417 3307 1594 3373 abbatissa
1639 3309 1734 3373 Post-

230 3396 329 3462 modo
344 3399 439 3462 venit
455 3397 598 3462 Thomas
619 3398 659 3463 (16
687 3395 855 3463 Sauniord
880 3397 1114 3463 subesehaetor
1140 3396 1266 3462 domini
1290 3397 1387 3483 regis,
1399 3398 1572 3484 inquirens
1595 3397 1637 3463 de
1657 3398 1734 3483 jure

230 3484 359 3551 domiui
373 3486 462 3573 regis
477 3486 518 3551 de
534 3487 648 3551 eadem
663 3490 764 3567 terra,
781 3487 912 3553 invenit
933 3509 992 3574 per
1007 3486 1258 3573 inquisicionem
1274 3487 1362 3573 quod
1378 3487 1419 3552 ad
1437 3487 1609 3552 dominum
1624 3510 1734 3575 regem

230 3574 399 3661 pertinere
411 3576 519 3651 debet,
535 3580 569 3641 et
584 3576 707 3643 dietam
723 3582 846 3642 terram
862 3576 898 3642 in
913 3597 1016 3640 manu
1026 3576 1153 3642 domini
1168 3576 1255 3665 regis
1270 3577 1367 3663 cepit,
1379 3588 1414 3643 et
1428 3576 1520 3642 valet
1535 3598 1595 3663 per
1609 3599 1734 3644 aunum

231 3663 406 3731 dimidiam
422 3686 577 3743 marcam,
594 3671 628 3732 et
643 3665 811 3753 predictus
826 3665 1036 3732 subescaetor
1049 3666 1153 3732 habet
1167 3666 1352 3733 custodiam
1368 3667 1458 3734 dicte
1474 3670 1569 3733 terre.

539 4004 542 4011 ’
674 4021 912 4089 Hunoauouu
936 4040 982 4089 66
1005 4020 1294 4090 UGGESGUMB.

276 4161 459 4229 duraturas.
505 4162 675 4229 Johannes
689 4164 731 4229 de
746 4162 962 4248 Sparkeiord.
1023 4162 1224 4229 Godeiridus
1238 4163 1391 4251 Moryng.

502 4251 689 4318 Willelmus
703 4251 744 4319 ds
759 4252 951 4339 Wytefeud.
1026 4253 1189 4321 Rioardus
1204 4254 1246 4319 de
1262 4252 1460 4320 Orokestun.

502 4341 611 4407 Adam
628 4341 669 4408 de
684 4341 835 4409 Oorftun.
1028 4343 1186 4408 Warinus
1201 4341 1340 4409 Orabbe.

504 4430 686 4497 Nicholaus
701 4430 794 4497 Kole.
1031 4432 1203 4498 Johannes
1217 4430 1337 4498 Abbod
1351 4432 1393 4496 de
1408 4431 1576 4520 Finelegb.

504 4520 668 4587 Robertus
682 4520 714 4587 16
730 4520 860 4589 Frense.
1031 4519 1217 4585 Willelmus
1231 4519 1263 4585 le
1278 4520 1401 4585 Frense
1415 4522 1457 4586 de
1468 4521 1571 4588 Flete.

504 4609 670 4677 Robertus
684 4612 714 4676 le
731 4610 825 4698 Boyl.
1028 4608 1220 4696 Stephanus
1235 4610 1276 4675 (16
1292 4608 1445 4675 Raddun.

281 4988 370 5056 Item
400 4995 482 5075 quot
511 4990 635 5066 villate,
667 4994 722 5056 dac.
769 4990 904 5069 Dicunt,
934 4990 1023 5076 quod
1060 4990 1097 5054 in
1134 4989 1283 5073 predicto
1313 4990 1486 5055 hundredo
1516 4998 1596 5057 sunt
1625 4994 1740 5061 villata

234 5079 431 5165 subscripta,
454 5079 579 5146 seilicet
600 5080 888 5165 neormam}
903 5079 1126 5155 Poarusunu,
1141 5079 1297 5144 Raooun
1322 5083 1356 5143 et
1381 5078 1575 5158 Firmanus,
1600 5087 1636 5147 et
1661 5091 1741 5150 sunt

234 5169 278 5234 de
310 5168 458 5245 baronia,
488 5192 588 5255 quam
619 5168 722 5235 abbas
746 5170 787 5235 de
812 5166 1075 5254 Abbodesbyr[i]
1106 5172 1199 5234 tenet
1229 5168 1269 5233 de
1300 5168 1432 5234 domino
1463 5191 1539 5257 rege
1570 5170 1590 5235 i.
1622 5192 1649 5237 c.
1680 5194 1741 5258 per

235 5256 415 5324 servicium
430 5258 529 5324 unius
544 5259 671 5337 militis,
688 5264 722 5324 et
737 5264 817 5324 sunt
832 5257 1014 5346 gudabiles‚
1029 5280 1091 5323 nec
1105 5260 1215 5322 status
1230 5279 1344 5323 earum
1359 5263 1518 5324 mutatur.

283 5371 372 5438 Item
388 5372 575 5438 Willelmus
591 5374 632 5438 (16
647 5373 828 5460 Wyteieud
844 5378 937 5438 tenet
962 5372 1178 5436 Ponrrnom
1193 5370 1234 5436 de
1249 5371 1395 5436 Roberto
1409 5372 1479 5437 filio
1494 5372 1628 5459 Pagani,
1645 5378 1679 5438 et
1693 5380 1745 5439 est

238 5461 376 5529 feodum
392 5461 492 5529 unius
514 5462 644 5541 militis,
660 5468 694 5528 et
710 5464 818 5530 dictus
835 5462 1002 5528 Robertus
1017 5460 1172 5548 Pegasus
1186 5460 1266 5543 (eie)
1280 5465 1374 5525 tenet
1388 5462 1430 5526 de
1445 5461 1578 5526 domino
1593 5483 1668 5546 rege
1683 5462 1702 5525 i.
1719 5483 1744 5527 a
