4117 6200
291 592 355 656 262
884 598 1193 671 GLOUORSTER.

334 880 512 982 lnqmsioio
526 897 620 988 capta
633 888 721 989 apud
735 885 975 953 Glouccstriam
990 891 1043 953 die
1057 891 1150 953 Lune
1165 892 1198 954 iu
1215 891 1300 994 festo
1314 892 1427 995 Sancti
1442 893 1574 996 Hillurii
1588 913 1673 957 auno
1693 894 1784 995 regui

288 970 541 1155 {indict
550 977 1784 1153 titt{tt{lttttxllt,litterlitttttlltttt

289 1161 324 1203 1n
339 1146 498 1209 comitatu
511 1148 654 1230 predicto
668 1152 808 1213 concessi
822 1151 863 1214 ad
874 1152 1126 1235 primogenitam
1137 1152 1239 1216 filium
1248 1174 1338 1217 suam
1348 1156 1567 1219 maritandum
1576 1156 1784 1237 assinguatis,

289 1250 348 1312 per
361 1241 598 1299 sacramentum
613 1235 747 1322 Georgii
762 1238 953 1316 Paunceiot,
966 1238 998 1301 N
999 1236 1118 1303 icholei
1133 1240 1173 1303 de
1190 1241 1221 1303 la
1237 1240 1353 1317 Grave,
1369 1243 1516 1306 Ancelmi
1530 1244 1571 1305 de
1594 1243 1783 1319 Derneford,

289 1315 423 1384 Roberti
447 1325 515 1386 otte
542 1322 653 1403 Hulle,
678 1324 809 1388 Ricardi
837 1325 876 1389 de
906 1326 1056 1409 Heydou‚
1086 1326 1210 1392 Thcme
1239 1330 1280 1391 de
1309 1330 1450 1412 Molyus,
1475 1329 1630 1394 Willelmi
1655 1330 1782 1407 Russel,

289 1403 425 1470 Henrici
451 1408 575 1487 Somer,
597 1410 734 1475 Walteri
762 1412 802 1475 de
824 1412 935 1497 Parys,
963 1413 1105 1478 Simonis
1130 1415 1171 1478 de
1199 1415 1343 1495 Birches,
1368 1416 1490 1483 Thome
1516 1419 1556 1481 de
1583 1418 1782 1495 Comemore,

288 1490 405 1577 Rogeri
420 1494 461 1558 de
475 1496 635 1582 Walchyn
648 1504 684 1562 et
697 1499 832 1567 Walteri
847 1499 991 1585 Honyot,
1006 1503 1047 1565 ad
1062 1503 1292 1586 inquirendum
1307 1506 1334 1567 si
1350 1504 1507 1569 Ricardus
1521 1505 1564 1568 de
1586 1503 1667 1569 Bere
1691 1509 1781 1569 tenet

287 1582 389 1644 terras
416 1587 452 1646 et
474 1587 662 1649 tenemeute
687 1607 744 1650 sua
769 1588 805 1650 in
830 1587 1019 1655 vavvunn
1049 1610 1107 1672 pro
1136 1591 1181 1654 di.
1205 1591 1229 1655 f.
1257 1612 1302 1656 m.
1332 1612 1442 1658 necue.
1487 1593 1551 1668 Qui
1581 1592 1696 1656 dicunt
1724 1612 1781 1675 per

287 1674 522 1734 sacramentum
538 1692 632 1736 suum
647 1674 732 1758 quod
747 1674 912 1757 predictus
926 1676 1085 1741 Ricardus
1100 1682 1192 1742 tenet
1207 1698 1316 1742 omnes
1331 1684 1433 1744 terras
1456 1686 1491 1742 et
1513 1685 1700 1743 tenemento
1723 1700 1781 1744 sua

285 1755 321 1817 in
351 1756 518 1825 Wvuvuun
554 1781 611 1843 pro
640 1762 755 1845 quinta
784 1767 876 1845 parte
904 1784 959 1827 un.
990 1765 1015 1829 f.
1045 1785 1090 1831 m.
1135 1765 1175 1830 Iu
1211 1765 1304 1851 cujus
1344 1765 1426 1847 (dcc.)
1473 1767 1557 1832 Data
1590 1766 1661 1847 (sic)
1694 1766 1781 1850 apud

286 1840 522 1910 Gloucestriam
537 1848 583 1914 di.
600 1852 634 1913 et
648 1869 733 1913 anuo
748 1851 954 1933 supradictis.

331 2196 509 2287 Inquisicio
544 2207 639 2287 capta
674 2204 761 2288 apud
797 2205 972 2288 Dodynton
1008 2226 1116 2270 coram
1153 2204 1277 2270 Thome
1314 2208 1355 2270 de
1393 2206 1557 2288 Gordinis,
1586 2208 1778 2272 vicecomite

285 2288 488 2354 Gloucestrie
514 2296 546 2354 et
576 2289 724 2355 Johaune
754 2293 795 2357 ds
823 2291 1021 2380 Langel[e]‚
1049 2294 1274 2358 collectoribus
1303 2295 1418 2358 auxilii
1448 2296 1488 2359 de
1515 2296 1650 2381 singulis
1676 2296 1778 2359 feodis

285 2378 431 2441 militum
453 2379 495 2442 ad
518 2380 768 2464 primogenitam
793 2379 896 2443 filiam
922 2382 1048 2444 domini
1071 2384 1156 2467 regis
1182 2382 1397 2446 maritandam
1413 2384 1447 2445 in
1463 2384 1620 2447 comitatu
1635 2384 1778 2467 predicto

284 2465 416 2529 dominc
438 2467 509 2549 regi
528 2468 678 2547 concessi,
700 2467 753 2530 die
778 2467 932 2532 Mercurii
954 2470 989 2532 in
1016 2471 1200 2553 septimana
1225 2470 1439 2547 Pentecostes,
1464 2490 1549 2534 anuo
1574 2472 1666 2556 regui
1691 2471 1777 2556 regis

283 2552 431 2617 Edwardi
458 2553 561 2638 xxxij⁰
590 2575 648 2638 per
677 2554 783 2617 David
811 2556 843 2619 le
872 2555 1006 2634 Blount,
1035 2557 1217 2620 Johanuem
1247 2558 1288 2620 de
1318 2558 1493 2642 Leygrave‚
1523 2558 1704 2622 lohannem
1735 2558 1776 2621 de

284 2638 490 2725 Chalkeleye,
503 2640 524 2704 J
526 2639 685 2705 ohannem
700 2642 806 2725 Jolye,
821 2641 1002 2707 Robertum
1023 2644 1053 2707 le
1067 2644 1174 2722 Vaire,
1192 2644 1389 2708 Willelmum
1415 2646 1571 2730 Oaumpe,
1596 2646 1776 2710 Henricum

283 2727 323 2790 de
338 2726 477 2812 Mareys,
490 2729 512 2792 J
513 2727 674 2793 ohannem
688 2727 728 2792 de
743 2728 927 2813 Dodynton,
942 2730 1120 2794 Walterum
1136 2732 1176 2795 de
1193 2730 1366 2816 Concleye‚
1381 2732 1582 2817 Stephanum
1604 2734 1645 2797 de
1660 2734 1775 2812 Acton,

282 2814 499 2899 Reginaldum
528 2817 560 2879 le
591 2815 714 2898 Tylere,
744 2821 778 2880 et
806 2818 968 2903 Rogernm
998 2817 1128 2896 (lorbct,
1157 2820 1197 2882 ad
1227 2820 1454 2904 inquirendum
1484 2823 1511 2883 si
1541 2820 1705 2886 Johennes
1734 2821 1776 2884 de

281 2900 415 2984 Riparia
440 2907 530 2965 tenet
553 2904 683 2987 aliquod
708 2903 840 2968 feodum
866 2924 925 2968 sen
950 2905 1094 2989 aliquam
1118 2913 1246 2989 partem
1271 2908 1359 2970 feodi
1382 2908 1499 2971 militis
1523 2910 1558 2970 in
1573 2910 1718 2972 manerio
1733 2908 1774 2972 de

280 2988 473 3054 Donvrvrorv.
519 2990 582 3065 Qui
596 2991 711 3054 dicunt
726 3011 820 3075 super
835 2999 1070 3055 sacramentum
1086 3014 1193 3071 suum,
1208 2995 1292 3078 quod
1308 2994 1472 3077 predictus
1486 2995 1507 3059 J
1509 2995 1650 3061 ohannes
1671 2993 1774 3058 nichil

280 3079 374 3140 tenet
396 3078 431 3141 in
457 3079 601 3143 manerio
621 3079 766 3162 predicto
785 3080 849 3143 nisi
864 3078 1039 3144 dimidium
1054 3080 1186 3145 feodum
1202 3089 1235 3146 et
1250 3088 1400 3166 quartam
1416 3087 1543 3166 partem
1559 3105 1614 3149 un.
1631 3084 1654 3149 f.
1671 3104 1715 3148 m.
1733 3083 1773 3146 de

279 3161 462 3229 hereditate
477 3163 634 3230 Johcnuis
650 3166 711 3229 filii
725 3172 760 3230 et
775 3165 902 3231 heredis
929 3167 1086 3231 Willelmi
1110 3169 1150 3232 de
1175 3168 1351 3253 Berkeleye
1376 3170 1534 3249 defuncti,
1557 3173 1615 3255 qui
1640 3170 1772 3254 quidem

278 3249 445 3316 Johannes
460 3259 510 3316 est
525 3254 610 3317 inira
626 3259 747 3318 etatem
762 3261 795 3319 et
810 3257 845 3318 in
861 3256 1009 3318 custodia
1023 3257 1150 3320 domini
1164 3258 1260 3341 regis.
1305 3258 1345 3320 In
1358 3258 1449 3342 cujus
1459 3261 1507 3322 rei
1522 3257 1603 3338 (dcc.)
1651 3259 1773 3322 Datum

279 3340 367 3422 apud
381 3340 555 3426 Dcdyntcu
570 3341 625 3405 die
640 3346 675 3406 et
689 3362 775 3404 anno
789 3343 991 3426 supradictis.

1120 3559 1220 3566 -——-.

323 3695 501 3778 Inquisicio
526 3701 621 3780 capta
643 3717 751 3759 coram
764 3694 890 3760 Thoma
903 3699 945 3761 de
968 3698 1131 3777 Gardinis‚
1147 3701 1332 3764 vicecomite
1347 3699 1560 3780 Gloucestrie,
1577 3705 1610 3764 et
1625 3701 1773 3765 Johanue

277 3783 317 3848 de
339 3782 881 3866 Langeleye,collectoribusauxilii
893 3785 934 3847 de
949 3786 1085 3871 singulis
1099 3785 1202 3850 feodis
1215 3788 1369 3866 militum,
1378 3788 1464 3870 apud
1475 3786 1773 3852 Grimbaldesasshe

276 3871 328 3935 die
344 3869 366 3933 J
368 3872 436 3933 ovis
450 3872 596 3953 proxima
611 3876 683 3955 post
698 3872 819 3935 festum
834 3872 945 3935 Sancti
960 3873 1109 3951 Martini,
1124 3894 1208 3936 anno
1223 3877 1315 3960 regui
1330 3875 1415 3959 regis
1437 3875 1585 3939 Edwardi
1608 3876 1770 3941 tricesimo

276 3961 392 4041 pr'rmo,
417 3978 474 4040 per
498 3964 733 4022 sacramentum
758 3957 916 4023 Johenuis
937 3959 978 4022 de
1006 3960 1072 4045 Ley
1097 3981 1187 4042 reve,
1211 3962 1380 4025 Laurentii
1404 3962 1442 4025 de
1468 3961 1634 4043 Tresham,
1651 3962 1770 4047 Rogeri

277 4045 369 4130 Joye,
386 4045 519 4108 Roberti
534 4045 650 4128 Lyvet,
670 4044 830 4111 Jobannis
851 4053 919 4109 atte
944 4047 1011 4124 Slo,
1036 3982 1194 4111 Jolannis
1211 4048 1380 4124 Wodecolr,
1405 4050 1556 4133 Hugonis
1580 4057 1648 4114 atto
1668 4049 1768 4133 Bury,

276 4131 434 4197 Johannis
459 4132 491 4196 le
514 4132 633 4216 Irreys,
648 4133 807 4196 Willelmi
830 4133 868 4197 de
891 4133 1098 4218 Wyclrevvylr,
1117 4136 1256 4200 Walteri
1282 4136 1321 4199 de
1344 4136 1542 4220 Hildesleye,
1566 4138 1716 4223 Hugonis
1730 4140 1769 4202 de

275 4221 356 4305 Eya,
381 4220 452 4283 Elie
474 4219 618 4303 Wyrlok,
645 4220 685 4283 ad
710 4221 940 4303 inquirendum
965 4223 993 4284 si
1019 4222 1116 4286 abbas
1142 4223 1182 4286 de
1213 4223 1326 4287 Stanle
1356 4229 1446 4288 tenet
1476 4225 1606 4309 aliquod
1634 4224 1768 4288 feodum

275 4308 418 4370 militare
448 4307 499 4370 vel
535 4307 677 4391 aliquam
707 4313 833 4390 partem
870 4307 1056 4389 hujusmodi
1093 4309 1190 4387 feodi,
1213 4330 1271 4374 nec
1307 4331 1359 4375 ne.
1420 4312 1483 4386 Qui
1519 4312 1635 4376 dicunt
1672 4333 1767 4396 super

274 4398 511 4459 sacramentum
525 4414 620 4458 suum
635 4397 722 4479 quod
737 4396 899 4478 predictus
913 4395 1010 4459 abbas
1025 4402 1117 4459 tenet
1132 4418 1241 4460 omues
1257 4404 1357 4461 terras
1383 4403 1415 4462 et
1443 4404 1628 4462 tenemento
1653 4420 1709 4463 sua
1733 4401 1768 4462 in

274 4482 352 4546 villa
374 4483 414 4545 de
439 4482 658 4549 Gonunvnron
681 4483 716 4545 iu
738 4481 874 4546 liberam
900 4503 1015 4565 puram
1042 4489 1077 4546 et
1100 4491 1291 4569 perpetuam
1314 4486 1533 4565 elemosinam,
1557 4492 1593 4550 et
1615 4507 1681 4550 uon
1713 4508 1768 4572 per

273 4570 444 4633 servicium
459 4569 613 4636 militare.
658 4569 699 4634 In
714 4569 807 4653 cujus
822 4570 868 4634 rei
884 4572 1109 4634 testimonium
1129 4570 1225 4651 (dte).

835 4807 980 4818 ——a
991 4811 1218 4819 ——..----.-...--⁴

313 4972 489 5055 Inquisicio
516 4975 610 5056 capta
640 4992 746 5036 coram
775 4972 900 5038 Thoma
935 4977 975 5040 de
1015 4975 1224 5064 Gardin[is],
1253 4980 1444 5042 vicecomite
1481 4979 1695 5063 Gloucestrie,
1733 4985 1766 5046 et

269 5057 418 5122 Jchanne
442 5058 483 5120 de
509 5058 699 5144 Laugeleye,
715 5061 939 5126 collectoribus
964 5064 1080 5127 auxilii
1106 5065 1272 5128 feodorum
1299 5067 1354 5130 die
1379 5067 1497 5131 Martis
1520 5069 1667 5151 proxima
1693 5075 1764 5153 post

267 5146 387 5210 festum
404 5145 515 5208 Sancti
530 5146 679 5226 Martini,
694 5168 778 5210 auno
793 5150 887 5233 regni
912 5152 998 5233 regis
1023 5151 1171 5214 Edwardi
1198 5154 1359 5216 tricesimo
1383 5157 1500 5237 primo,
1515 5177 1573 5238 per
1596 5157 1765 5220 dominum

269 5232 404 5296 Petrum
419 5231 514 5313 Orok,
529 5232 701 5298 Ricardum
718 5235 758 5298 de
775 5237 937 5314 Westone,
952 5236 1137 5301 Johannem
1154 5238 1279 5318 Corbet,
1292 5241 1467 5305 Ricardum
1479 5243 1571 5322 Veel,
1587 5245 1764 5307 Ricardum

269 5328 337 5384 atte
374 5320 492 5401 Home,
530 5321 711 5388 Johannem
748 5323 979 5403 Smethemers,
1015 5325 1235 5410 Reginaldum
1272 5329 1311 5390 de
1348 5329 1455 5407 Juste,
1492 5329 1675 5395 iohannem
1722 5332 1764 5395 dc

269 5406 512 5492 Brighamtone‚
542 5408 724 5472 Johannem
761 5411 800 5473 de
837 5410 1001 5494 Alkeleye‚
1039 5413 1201 5498 Rogerum
1240 5412 1368 5495 Corbet,
1405 5417 1576 5480 Osbertum
1612 5419 1707 5495 Bose,
1729 5427 1764 5481 et

268 5495 453 5560 Johannem
477 5496 508 5561 le
533 5495 735 5580 Parmentar,
751 5498 793 5561 ad
818 5500 1049 5582 inquirendum
1072 5502 1100 5566 si
1126 5502 1213 5584 prior
1239 5501 1400 5568 Bathonic
1426 5511 1516 5569 tenet
1540 5507 1576 5569 in
1604 5506 1763 5570 comitatu
