4117 6200
927 610 1009 679 Aa).
1036 615 1129 679 1303.
1715 614 1773 682 151

322 904 370 971 De
383 907 530 990 episcopo
546 906 773 984 Londoniensi,
787 907 844 991 qui
858 910 949 971 tenet
965 906 1131 971 baroniam
1146 927 1238 972 snam
1252 928 1307 992 per
1321 908 1491 974 servicium
1516 909 1659 995 quinque
1682 911 1705 975 f.
1728 930 1772 975 m.

279 994 365 1058 unde
389 993 564 1057 Nicholaus
590 994 631 1058 de
648 992 835 1058 Wokendon
860 998 948 1058 tenet
973 998 1154 1060 manerium
1180 1016 1273 1059 suum
1299 997 1340 1062 de
1353 996 1549 1065 Womarrnun
1571 996 1726 1065 Elasson
1740 998 1775 1063 in

278 1082 385 1165 capite
399 1080 440 1146 de
455 1081 601 1166 predicto
615 1081 773 1165 episcopo,
789 1102 846 1165 pro
860 1085 983 1166 quanto
998 1087 1140 1163 tenetur,
1154 1084 1317 1169 ignorant.

323 1217 535 1284 DeGuidone
547 1218 673 1298 Ferrea,
687 1240 744 1303 pro
759 1240 816 1285 un.
832 1218 856 1284 f.
871 1220 907 1282 in
922 1219 1088 1287 Rsrnaan
1200 1259 1213 1274 ·
1345 1260 1357 1274 -
1489 1260 1502 1274 ·
1633 1222 1733 1286 -xl,
1749 1242 1776 1288 a.

324 1356 372 1422 De
387 1356 538 1422 Nioholas
552 1356 764 1442 Malemeyns,
780 1378 839 1443 pro
854 1360 970 1442 quarta
984 1362 1078 1442 parte
1093 1379 1149 1425 un.
1166 1360 1190 1423 f.
1207 1360 1241 1422 in
1256 1361 1368 1424 eadem
1501 1398 1514 1413 ·
1645 1399 1658 1413 ·
1701 1380 1733 1425 x.
1750 1383 1776 1426 a.

325 1493 373 1559 De
394 1492 541 1560 Johanna
565 1496 605 1559 de
628 1494 797 1581 Engayne,
814 1518 871 1581 pro
892 1501 1008 1581 quarta
1031 1500 1122 1581 parte
1145 1517 1199 1561 un.
1217 1497 1240 1562 f.
1257 1499 1291 1561 in
1315 1498 1526 1578 Onasusraa,
1542 1499 1583 1564 de
1604 1520 1669 1583 qua
1691 1498 1777 1563 idem

280 1580 444 1647 Johannes
468 1582 611 1647 ieoffavii
626 1582 792 1649 Simonem
812 1584 853 1648 de
876 1584 1099 1668 Haverryngg,
1114 1605 1172 1669 per
1193 1584 1507 1651 licenciam'domini
1528 1586 1625 1672 regis,
1639 1587 1778 1651 tenenda

280 1670 386 1735 eidem
396 1669 523 1735 Simoni
536 1676 571 1735 et
585 1672 753 1737 heredibus
765 1672 834 1736 suis
848 1672 889 1736 do
904 1672 1049 1756 predicto
1059 1671 1208 1736 iohanne
1223 1678 1256 1736 et
1270 1670 1443 1737 heredibus
1458 1675 1523 1738 suis
1537 1675 1572 1737 in
1587 1675 1761 1759 vosagium.

324 1806 373 1871 De
388 1807 504 1873 abbate
519 1809 560 1873 de
576 1806 782 1894 coggeshala,
798 1829 856 1893 pro
870 1814 986 1894 quarta
1001 1814 1091 1894 parte
1105 1829 1161 1874 un.
1178 1809 1201 1874 f.
1218 1810 1253 1873 in
1270 1809 1501 1877 cansarum
1648 1851 1659 1863 ·
1703 1832 1734 1876 x.
1751 1834 1778 1877 a.

325 1945 375 2009 De
389 1946 565 2011 Malculmo
581 1946 621 2011 de
636 1946 827 2031 Beaumeys,
844 1968 901 2033 pro
916 1968 972 2013 un.
988 1946 1012 2013 f.
1029 1949 1064 2012 in
1079 1947 1226 2015 Waanaa
1243 1948 1398 2017 Sarranus
1491 1988 1501 2000 -
1635 1990 1646 2000 -
1692 1950 1735 2016 xl.
1752 1973 1779 2018 e.

325 2082 374 2149 De
389 2084 512 2150 Franco
526 2086 566 2150 de
582 2084 797 2167 Seoitelonde,
811 2107 869 2172 pro
883 2107 939 2153 un.
956 2088 979 2153 f.
997 2088 1033 2151 in
1047 2088 1292 2155 Wanmnsssss
1346 2127 1357 2138 ·
1492 2127 1503 2139 ·
1635 2128 1647 2141 -
1692 2089 1735 2152 xl.
1752 2113 1778 2155 a.

327 2222 375 2288 De
389 2224 504 2291 abbate
519 2223 561 2288 de
576 2224 749 2307 Strotiord‚
765 2245 822 2310 pro
836 2230 952 2310 quarta
966 2230 1057 2310 parte
1073 2246 1128 2291 nn.
1145 2226 1169 2292 f.
1185 2228 1220 2289 in
1236 2226 1342 2294 Wsnu
1505 2265 1517 2276 ·
1650 2266 1660 2278 -
1705 2247 1736 2292 1.
1753 2250 1779 2293 s.

327 2361 374 2427 De
389 2364 495 2447 priore
510 2363 552 2428 de
567 2363 599 2427 la
614 2362 814 2442 Blalremoor,
829 2385 886 2449 pro
902 2369 991 2430 sexta
1008 2368 1100 2447 parte
1115 2383 1159 2427 un
1175 2365 1199 2428 f.
1214 2365 1250 2427 in
1265 2364 1377 2427 eadem
1392 2363 1436 2428 di.
1453 2384 1570 2429 marca.

327 2501 375 2565 De
390 2499 539 2567 Johanne
554 2502 594 2567 de
609 2503 764 2578 Hammo,
780 2500 945 2587 Stephano
960 2500 1002 2567 de
1018 2500 1209 2587 Ceriesheye
1224 2506 1258 2568 et
1273 2498 1420 2567 Johanne
1435 2498 1558 2566 Michel
1572 2503 1612 2566 de
1635 2500 1781 2581 Stifford,

286 2609 341 2672 pro
355 2595 469 2674 quarta
484 2588 613 2676 pariej.
630 2589 653 2656 f.
685 2588 734 2677 [in
751 2588 929 2677 Srmsoan]
1073 2628 1086 2641 -
1218 2626 1231 2641 ·
1362 2626 1375 2642 ·
1506 2626 1519 2642 ·
1631 2615 1662 2641 ··
1705 2610 1737 2656 x.
1754 2612 1780 2656 e.

580 2760 583 2768 ·
676 2727 813 2795 Summa
827 2728 987 2793 hundredi
1002 2728 1068 2812 xxj.
1085 2729 1120 2793 ii.
1140 2726 1181 2812 vj.
1198 2751 1224 2793 s.
1242 2726 1310 2812 viij.
1327 2728 1359 2793 ri.

681 2861 845 2952 [Summa]
864 2870 1067 2950 receptorum
1082 2865 1139 2950 xij.
1156 2866 1190 2930 li.
1206 2863 1255 2948 iij.
1273 2886 1298 2930 a.
1314 2863 1350 2948 ij.
1367 2865 1399 2930 ci.

737 3077 972 3169 [Honoasnvu
994 3102 1039 3147 nn
1061 3076 1336 3168 samana]

332 3212 510 3300 Inquisicio
533 3217 629 3296 capta
654 3233 761 3276 coram
786 3211 934 3278 Johanne
981 3262 1268 3279 ......
1314 3212 1369 3277 die
1383 3211 1519 3276 Veneris
1545 3213 1690 3298 proximo
1712 3219 1787 3296 post

287 3299 405 3364 festum
420 3299 533 3365 Sancti
549 3300 681 3363 Hillarii
727 3349 1014 3366 ......
1061 3300 1101 3365 de
1116 3301 1251 3386 singulis
1265 3299 1368 3364 feodis
1381 3299 1527 3364 militnm
1541 3321 1597 3385 per
1610 3300 1786 3366 Ricardum

288 3386 328 3450 de
373 3433 658 3454 ......
703 3387 885 3452 Johannem
922 3388 1134 3473 Malemeyns‚
1166 3387 1378 3452 Godeiridnm
1410 3387 1452 3450 de
1496 3434 1784 3454 ......

287 3473 403 3558 mayn,
416 3474 550 3539 Petrum
562 3481 614 3539 ate
626 3474 798 3554 Thombre,
807 3474 1010 3560 Stephanum
1025 3475 1057 3539 le
1102 3523 1391 3541 ......
1437 3474 1607 3554 Pistorem,
1614 3474 1787 3560 juratores,

288 3563 346 3644 qui
360 3562 475 3627 dieunt
491 3582 586 3646 super
602 3567 839 3626 sacramentum
853 3583 949 3628 suum
964 3563 1050 3649 quod
1061 3585 1115 3625 :-
1138 3597 1149 3608 ··

332 3698 490 3764 Robertus
505 3699 544 3763 de
559 3699 674 3784 Thony
688 3702 780 3763 tenet
794 3719 852 3765 un.
867 3699 891 3764 i.
907 3719 950 3764 m.
968 3699 1002 3761 in
1031 3685 1326 3778 Wonnaousnowa,
1354 3699 1441 3762 unde
1465 3697 1615 3764 Johanna
1637 3720 1700 3784 que
1724 3698 1790 3764 fuit

289 3807 367 3851 uxor
383 3786 451 3851 Ade
466 3783 623 3874 Bed[y]k
638 3793 730 3851 tenet
752 3784 1046 3873 [quadragesimam
1063 3783 1222 3873 partem].

333 3924 511 4078 Alfenanpier
536 3924 566 3988 le
596 3920 667 4010 [de]
700 3921 836 3988 Bailolli
854 3930 888 3988 et
903 3922 1086 3988 Willelmus
1108 3920 1154 4010 [le
1178 3921 1313 3988 Plumer
1337 3919 1466 4010 tenent]
1496 3927 1644 3987 octavam
1665 3929 1791 4006 pmem

292 4031 346 4075 un.
377 4031 435 4076 ‚rn
487 4031 633 4078 nonusis.

290 4145 497 4304 WJohannes
533 4147 573 4212 de
611 4147 784 4212 Lancastre
821 4150 856 4211 ei
892 4147 1068 4232 participes
1097 4147 1148 4210 sui
1178 4149 1291 4209 tenent
1326 4165 1382 4209 un.
1413 4146 1437 4210 f.
1468 4144 1503 4208 in
1531 4143 1720 4213 Esnmnna

332 4257 519 4302 nsuaauarn.
563 4299 565 4306 .

337 4371 438 4437 Abbas
453 4372 494 4436 de
511 4372 671 4436 Stratiord
686 4375 778 4436 tenet
793 4323 879 4456 diss:
896 4389 941 4434 m.
957 4370 992 4432 in
1006 4370 1152 4437 Lassora.

334 4507 517 4573 Willelmus
539 4505 593 4598 [de
610 4508 788 4573 Bumstede
804 4503 911 4594 tenet]
932 4505 977 4571 di.
993 4504 1017 4572 f.
1034 4505 1070 4569 in
1085 4505 1211 4570 eadem.

342 4644 510 4735 [Thomas]
531 4648 570 4713 de
586 4642 892 4735 H[undercoumbe]
915 4644 1063 4710 tenendi.
1079 4644 1103 4709 i.
1121 4665 1165 4709 m.
1181 4643 1381 4712 Wansraon.

343 4782 464 4872 [Abbas
480 4785 519 4850 de
536 4783 698 4851 Stratiord
712 4788 803 4849 tenet
816 4783 860 4849 di.
877 4782 901 4849 f.
917 4780 969 4871 in]
990 4783 1220 4852 wasmnns.

340 4923 393 5003 (ln
416 4920 717 5005 dorso).-Summn
730 4919 801 5006 viij.
818 4923 853 4988 li.
869 4941 900 4992 v.
917 4943 942 4986 a.
960 4921 1147 5004 proveniens
1163 4919 1204 4983 de
1220 4917 1270 5004 iij.
1288 4918 1311 4984 f.
1326 4922 1362 4982 ei
1376 4891 1489 4982 octava
1503 4921 1596 5002 parte
1611 4936 1667 4981 un.
1682 4916 1707 4984 f.

752 5132 988 5222 [Honnannun
1011 5131 1071 5220 nn]
1099 5131 1346 5201 DOMMAWE.

339 5272 452 5429 Cometa
468 5273 671 5341 Gloucestrie
685 5278 778 5339 tenet
792 5274 975 5339 manerium
989 5291 1085 5338 suum
1099 5271 1141 5335 de
1157 5271 1323 5350 Tnaaaan,
1348 5268 1404 5335 sed
1430 5289 1487 5355 per
1512 5267 1600 5355 qnod
1623 5269 1795 5334 servicium

296 5381 428 5427 neacrun
447 5409 456 5428 .

337 5499 387 5568 De
401 5502 525 5567 Thomu
540 5501 582 5566 de
596 5497 704 5566 Jerdel
713 5497 763 5591 [e]
784 5504 819 5566 et
832 5498 980 5565 Galirido
995 5496 1211 5578 Paumfiloun‚
1227 5516 1286 5580 pro
1301 5516 1358 5564 un.
1373 5495 1396 5561 i.
1412 5496 1448 5560 in
1465 5494 1661 5564 ancarana
1704 5494 1749 5561 xl.
1766 5514 1792 5560 r.
