4117 6200
904 646 987 712 Aa).
1013 649 1108 712 1428.
1694 646 1758 712 477

298 931 462 998 Johannes
479 933 662 1019 Harpeden,
679 938 783 1015 miles,
794 940 886 1002 tenet
900 937 946 1002 di.
963 940 986 1003 f.
1004 959 1049 1002 m.
1067 939 1100 1001 in
1116 936 1381 1021 Evnanon,quod
1397 956 1503 999 comes
1519 936 1750 999 Maresohallns

259 1021 422 1103 quondam
437 1025 545 1085 tenuit
561 1023 693 1087 ibidem.

303 1157 377 1223 Dux
392 1159 527 1222 Eboraci
552 1168 643 1222 tenet
659 1181 714 1224 un.
730 1161 753 1225 f.
769 1181 813 1224 m.
830 1163 865 1223 in
882 1161 1135 1241 omonimum,
1151 1161 1237 1246 quod
1262 1182 1369 1224 comes
1393 1160 1566 1223 Glovernie
1591 1160 1755 1242 quondam

259 1246 368 1308 tenuit
382 1245 513 1325 ibidem,
528 1250 585 1331 qui
611 1248 743 1330 quidem
757 1248 824 1311 dux
849 1250 948 1313 estin
963 1249 1110 1312 custodia
1136 1248 1260 1312 domini
1277 1250 1373 1334 regis,
1390 1248 1488 1311 simul
1512 1267 1586 1310 cum
1613 1249 1707 1310 terris
1722 1254 1757 1310 et

261 1334 550 1505 ξιέξέᾞίἓηὲἓο
576 1341 727 1398 tenentun
755 1336 877 1399 ibidem
901 1356 958 1419 per
983 1338 1167 1419 predictum
1194 1334 1216 1400 f.
1245 1356 1288 1401 m.
1318 1337 1445 1398 racione
1473 1335 1607 1398 minoris
1641 1332 1756 1421 [etatis

305 1555 469 1636 Ricardus,
484 1558 637 1622 dominus
650 1560 691 1622 de
705 1559 917 1638 Mautrsvers,
933 1564 1025 1624 tenet
1042 1562 1175 1623 terciam
1189 1565 1318 1644 partem
1327 1580 1382 1624 un.
1399 1560 1421 1623 f.
1439 1579 1483 1624 m.
1492 1560 1527 1622 in
1542 1559 1656 1623 eadem
1668 1558 1754 1625 villa.

304 1693 466 1758 walterus
488 1692 766 1783 [Goldyngbam]‚
781 1697 885 1776 miles,
901 1701 994 1760 tenet
1008 1698 1054 1762 di.
1071 1698 1093 1762 f.
1110 1718 1154 1762 m.
1170 1698 1205 1761 in
1221 1698 1335 1761 eadem
1350 1697 1437 1761 villa.

305 1827 455 1893 Johanna
470 1830 579 1914 Ohyne
603 1837 695 1895 tenet
709 1852 764 1897 un.
780 1833 804 1897 f.
820 1854 865 1898 m.
884 1834 918 1894 in
935 1832 1127 1911 Towsnonn,
1153 1834 1261 1897 Pnnvn
1277 1833 1418 1909 Panion,
1435 1836 1469 1894 et
1484 1831 1654 1909 Bombos,
1671 1830 1758 1913 quod

262 1914 419 1981 Robertus
433 1917 472 1982 de
487 1916 571 1982 Brus
585 1919 748 2003 quondam
763 1921 871 1984 tenuit
886 1918 1018 1985 ibidem.

304 2055 364 2118 Est
394 2056 526 2119 feodum
557 2076 611 2120 un.
628 2078 671 2121 m.
687 2058 722 2119 in
740 2060 934 2123 Aenonmnn
961 2065 995 2120 et
1019 2058 1141 2123 Massa
1164 2058 1306 2135 annoh,
1321 2056 1408 2139 quod
1433 2054 1596 2119 Johannes
1617 2055 1760 2140 Breteyn

259 2144 420 2225 quondam
435 2145 545 2206 tenuit
560 2145 692 2222 ibidem,
707 2145 793 2228 quod
807 2145 940 2227 quidem
955 2145 1089 2207 feodum
1106 2145 1223 2208 militis
1238 2143 1397 2207 dividitur
1412 2144 1445 2205 in
1462 2143 1586 2206 duabus
1600 2143 1759 2226 partibus,

260 2250 392 2399 {diioui}
406 2229 574 2294 Johannes
601 2230 724 2293 Buliok
739 2237 829 2295 tenet
845 2251 944 2294 unam
970 2236 1104 2315 partem,
1121 2236 1157 2295 et
1183 2231 1343 2295 Walterue
1370 2230 1482 2315 Mayle
1509 2235 1596 2292 tenet
1625 2228 1760 2294 alteram

304 2453 452 2516 Johanna
481 2453 593 2538 Chyne
624 2466 717 2518 tenet
746 2476 801 2521 un.
817 2456 840 2520 f.
857 2477 903 2519 m.
921 2456 957 2517 in
990 2455 1103 2523 Sonnn
1133 2456 1348 2533 Winonsnnn
1380 2453 1467 2538 quod
1495 2453 1659 2517 Johunnes
1685 2451 1754 2540 [de]

262 2539 402 2604 Ferasiis
419 2547 454 2604 et
472 2540 619 2605 Oliverus
633 2542 664 2606 le
681 2541 788 2605 Suche
803 2543 967 2625 quondam
981 2547 1162 2605 tenuerunt
1177 2542 1311 2605 ibidem.

303 2677 485 2743 willelmus
499 2679 640 2745 Druweil
654 2686 748 2744 tenet
762 2685 910 2763 quartam
925 2684 1051 2763 putem
1066 2700 1121 2743 un.
1134 2680 1156 2744 f.
1167 2700 1211 2745 m.
1223 2679 1258 2741 in
1274 2677 1388 2742 eadem
1404 2678 1489 2757 villa,
1501 2699 1599 2762 qnam
1615 2679 1758 2743 Thomas

264 2763 295 2826 ls
313 2766 386 2832 Sale
400 2769 563 2849 quondam
580 2770 686 2831 tenuit
701 2768 835 2833 ibidem.

306 2903 399 2966 Idem
414 2903 597 2968 Willelmus
612 2905 753 2970 Druwsll
778 2911 869 2970 tonet
883 2911 1034 2989 quartam
1050 2910 1176 2989 partem
1203 2924 1257 2969 un.
1274 2905 1297 2969 f.
1313 2924 1356 2967 m.
1372 2904 1405 2966 in
1423 2902 1534 2967 eadem
1561 2903 1647 2982 villa,
1663 2924 1761 2988 quam

264 2988 421 3053 Ricardus
436 2990 597 3076 Engayne
611 2992 771 3076 quondam
788 2994 896 3056 tenuit
910 2993 1044 3058 ibidem.

307 3126 467 3190 Dominus
481 3129 520 3192 de
536 3128 633 3213 Gray,
647 3130 688 3194 de
703 3130 847 3213 Wylton,
863 3134 953 3194 tenet
969 3150 1024 3195 nn.
1041 3131 1063 3194 f.
1080 3150 1123 3194 m.
1137 3130 1174 3191 in
1189 3129 1425 3195 Hnssnuononn
1441 3135 1475 3192 et
1490 3129 1660 3208 Gnnnnnu,
1675 3130 1761 3212 quod

264 3213 462 3299 Reginaldus
478 3215 519 3279 de
538 3214 626 3298 Grey
641 3217 804 3300 quondam
818 3221 929 3281 tenuit
943 3217 1077 3282 ibidem.

307 3352 468 3415 Robertus
483 3350 641 3416 Stonham
656 3356 749 3418 tenet
762 3353 807 3418 di.
821 3353 844 3419 f.
861 3374 904 3419 m.
919 3356 956 3417 in
971 3354 1203 3433 Dnnnunenois,
1214 3354 1300 3438 quod
1314 3353 1335 3417 J
1338 3351 1481 3417 ohannes
1491 3353 1645 3439 Engayne
1661 3375 1761 3439 quon-

265 3439 340 3502 dam
355 3440 466 3502 tenuit
480 3439 616 3505 ibidem.

264 3668 280 3726 t
306 3577 465 3728 Bottiessnds
491 3577 568 3642 Seot
594 3583 687 3642 tenet
702 3579 748 3644 di.
770 3578 793 3645 f.
809 3599 852 3645 m.
870 3579 905 3642 in
926 3581 1131 3658 Annonmnn
1148 3579 1234 3664 quod
1264 3577 1429 3642 Johannes
1456 3578 1579 3663 Rydele
1601 3581 1763 3663 qnondam

281 3685 359 3730 enni
391 3686 439 3729 11
463 3685 529 3731 em.

307 3803 399 3868 Idem
423 3804 581 3867 Robertus
607 3806 683 3872 Scot
709 3809 801 3868 tenet
825 3810 977 3887 quartam
1002 3810 1130 3887 partem
1161 3824 1215 3869 un.
1237 3805 1260 3869 f.
1288 3824 1331 3868 m.
1358 3803 1393 3865 in
1419 3803 1534 3868 eadem
1560 3804 1646 3884 villa,
1663 3825 1759 3887 quam

265 3889 399 3954 Albinus
413 3891 455 3953 de
470 3891 614 3975 Deveray
632 3895 758 3970 (rectius
774 3891 931 3975 Beveray)
949 3893 1113 3975 quondam
1128 3893 1239 3956 tenuit
1253 3891 1386 3954 ibidem.

308 4053 499 4116 Edmundns
515 4053 636 4137 Waryn
667 4058 758 4119 tenet
787 4055 832 4120 di.
847 4055 871 4120 f.
889 4075 933 4118 m.
950 4056 985 4116 in
1012 4055 1148 4121 Osnonn
1179 4055 1325 4132 Daunus,
1340 4053 1426 4135 quod
1454 4051 1621 4116 Johannes
1652 4052 1762 4119 Offord

266 4141 426 4224 quondam
442 4141 553 4203 tenuit
573 4142 704 4205 ibidem.

308 4277 456 4341 Prefatue
482 4277 642 4341 Robertus
666 4277 743 4342 Soot
765 4284 858 4342 tenet
883 4284 1033 4360 quartam
1060 4283 1186 4361 partem
1212 4297 1267 4342 nn.
1284 4277 1305 4342 f.
1321 4297 1364 4341 m.
1381 4297 1477 4359 quam
1504 4275 1669 4342 Johannes
1685 4277 1764 4344 Scot

266 4367 428 4449 quondam
443 4367 553 4430 tenuit
568 4365 699 4430 ibidem.

307 4503 353 4566 Et
365 4504 479 4566 dicunt
493 4523 590 4586 snper
605 4505 842 4566 sacramentnm
858 4523 952 4566 suum
968 4502 1054 4588 quod
1069 4521 1134 4564 non
1149 4509 1199 4565 est
1222 4500 1340 4585 aliquis
1355 4500 1421 4562 alia
1435 4519 1570 4583 persona
1586 4502 1699 4566 saisita
1723 4506 1763 4568 de

265 4592 359 4653 terris
374 4595 408 4653 et
430 4593 626 4654 tenementis
641 4590 727 4653 infra
752 4589 961 4653 hundredum
988 4589 1224 4673 supradictum,
1241 4609 1305 4670 que
1330 4591 1483 4650 tenentur
1507 4587 1694 4652 immediate
1709 4611 1766 4673 per

264 4697 319 4742 un.
335 4698 378 4742 m.
394 4698 498 4762 neque
507 4676 603 4761 juxta
618 4683 721 4742 ratam
736 4698 837 4762 usque
852 4683 1001 4761 quartam
1017 4682 1144 4762 partem
1160 4695 1215 4737 un.
1235 4676 1255 4738 f.
1270 4695 1315 4738 m.
1332 4673 1497 4739 inclusive.
1758 4685 1762 4691 '

309 4815 350 4878 In
364 4815 457 4898 cujus
471 4815 531 4892 rei,
545 4820 609 4880 etc.

308 5168 473 5233 Particule
487 5171 630 5252 compoti
659 5167 814 5231 Willelmi
829 5168 975 5231 Denston
1000 5174 1034 5231 et
1061 5167 1179 5252 Rogeri
1206 5162 1344 5242 Louthe,
1361 5161 1569 5226 collectorum
1595 5161 1761 5244 cujusdam

267 5256 405 5321 subsidii
419 5258 504 5340 regis
528 5276 625 5335 nunc,
642 5256 796 5319 videlicet
811 5256 946 5318 Henrici
961 5258 1054 5334 sexti,
1071 5257 1104 5317 in
1133 5253 1347 5337 parliamento
1364 5271 1420 5312 suo
1436 5249 1521 5332 apud
1548 5250 1765 5312 Westmonas-

264 5346 385 5408 terium
400 5345 436 5406 in
452 5342 614 5428 quindena
642 5344 755 5410 Sancti
772 5339 943 5406 Michaelis
966 5363 1052 5407 anno
1066 5341 1160 5427 regni
1176 5341 1227 5403 sni
1251 5345 1341 5403 sexto
1355 5342 1459 5416 tento,
1476 5357 1494 5400 a
1510 5336 1601 5399 laicis
1626 5337 1766 5399 concessi

264 5431 300 5494 in
314 5433 474 5497 comitatu
489 5429 748 5516 Huntingdonie,
765 5430 919 5493 videlicet
933 5431 972 5493 de
986 5426 1248 5494 inhabitantibus
1263 5424 1428 5488 domicilia
1454 5422 1643 5486 tenentibus
1658 5422 1764 5505 cujus-

264 5519 344 5585 libet
366 5516 516 5604 parochie
544 5519 629 5584 inira
653 5520 848 5582 comitatum
874 5518 1067 5600 predictum,
1083 5516 1176 5604 cujus
1202 5513 1338 5577 ecclesia
1369 5531 1434 5574 non
1459 5515 1589 5575 taxatur
1612 5509 1663 5575 vel
1689 5516 1765 5574 ante
