4117 6200
351 594 397 657 84
1011 586 1197 655 DORSET.

396 794 533 881 [Struclc
548 802 607 862 out
623 794 768 863 Ecclesia
784 795 913 861 Siron
929 796 1098 863 Rowaum
1125 797 1168 863 ab
1194 798 1334 882 antiquo
1348 798 1488 861 taxatur
1503 792 1547 859 ad
1561 813 1588 859 c.
1598 813 1622 858 a.
1658 788 1852 858 Subsidium

350 886 462 971 nichil,
477 886 535 973 qui
551 907 617 951 non
632 886 733 969 xmus]
749 886 829 973 quia
843 886 934 951 infra
948 886 1092 975 burgum
1107 894 1148 954 ut
1162 893 1266 954 extra

399 998 479 1086 [lue
487 998 557 1085 five
567 998 751 1087 following}
766 1000 891 1067 mirice
905 1023 965 1068 arc
980 1001 1096 1068 simule
1111 1008 1178 1084 out,
1195 1002 1284 1084 Quia
1298 1006 1412 1090 postea
1427 1000 1515 1066 inter
1529 996 1734 1086 dignitates]

361 1158 365 1171 ·
398 1115 570 1182 Prebenda
585 1116 626 1181 de
642 1116 905 1183 Ylunmsraa
921 1123 955 1184 ct
971 1116 1188 1183 Gssusrnnn
1202 1118 1245 1183 ab
1269 1116 1409 1204 antiquo
1423 1120 1561 1183 taxatur
1569 1112 1713 1270 SdbdllL
1729 1127 1856 1262 marlccs

1594 1225 1615 1267 u
1656 1225 1665 1266 r
1690 1221 1760 1265 inm
1776 1220 1800 1263 x
1814 1218 1856 1264 ,a

359 1364 364 1379 ,
399 1318 537 1406 Capella
552 1321 594 1387 de
610 1319 764 1387 Ouiaros
781 1320 824 1388 ab
842 1321 981 1408 antiquo
998 1326 1137 1389 taxatur
1158 1321 1201 1388 ad
1217 1344 1248 1387 x.
1264 1342 1392 1389 marcas

1413 1408 1606 1474 Subsidium
1622 1406 1692 1493 xiij.
1708 1427 1733 1472 s.
1747 1403 1805 1488 iiij.
1821 1400 1856 1467 d.

400 1524 572 1591 Prebenda
588 1526 628 1591 de
645 1524 851 1593 snmaoesu
866 1527 910 1593 ab
924 1526 1065 1614 antiquo
1080 1533 1219 1594 taxatur
1233 1528 1277 1594 ad
1291 1528 1336 1593 lx.
1352 1546 1479 1592 marcas
1502 1562 1515 1573 ·
1542 1522 1735 1591 Subsidium
1750 1518 1808 1605 iiij.
1820 1516 1857 1583 li.

398 1639 532 1707 Vicaria
547 1642 583 1706 in
599 1642 713 1707 eadem
731 1664 806 1709 cum
821 1643 974 1731 porcione
991 1644 1128 1711 sacriste
1143 1644 1186 1710 ab
1201 1644 1341 1731 antiquo
1356 1647 1494 1709 taxatur
1509 1639 1550 1705 ad
1567 1660 1599 1704 x.
1615 1658 1743 1703 marcas

1423 1729 1616 1797 Subsidium
1632 1727 1703 1814 xiij.
1713 1749 1738 1792 a.
1754 1723 1813 1811 iiij.
1823 1722 1856 1790 d.

399 1845 536 1931 Capella
552 1845 592 1911 de
608 1846 778 1914 Oonrrou
796 1847 932 1913 Hawur
947 1849 991 1915 ab
1004 1847 1145 1935 antiquo
1159 1854 1300 1915 taxatur
1313 1846 1357 1913 ad
1372 1869 1406 1911 x.
1422 1866 1550 1911 marcas

1429 1934 1621 2000 Subsidium
1637 1932 1705 2019 xiij.
1718 1952 1742 1996 s.
1759 1929 1816 2016 iiij.
1827 1927 1858 1994 d.

480 2152 625 2220 NOMINA
650 2171 912 2222 BENEEIOIORUM
935 2172 1008 2222 Nos
1030 2170 1247 2223 nunculium
1271 2173 1308 2221 IN
1332 2168 1520 2220 nncmsru
1543 2166 1721 2216 saumuro,

399 2282 546 2350 Ecclesia
567 2286 608 2349 de
633 2284 919 2351 Osuunnmuasn
1055 2323 1070 2335 -
1406 2284 1430 2374 s
1438 2282 1633 2351 Subsidium
1648 2282 1691 2367 vj.
1704 2302 1731 2345 a.
1747 2276 1815 2364 viij.
1826 2277 1858 2343 d.

398 2372 545 2440 Ecclesia
566 2375 608 2440 dc
631 2375 843 2441 Bs'fflcolffln
940 2382 961 2427 '-
1054 2287 1107 2465 ·l
1437 2371 1631 2439 Subsidium
1648 2371 1729 2456 vj.s.
1743 2368 1811 2453 viij.
1825 2366 1857 2432 d.

398 2463 543 2530 Ecclesia
566 2464 606 2529 de
629 2463 910 2530 succurramus
1437 2462 1631 2530 Subsidium
1647 2460 1691 2545 vj.
1703 2480 1727 2523 s.
1742 2457 1811 2542 viij.
1826 2455 1858 2522 d.

398 2552 543 2619 Ecclesia
565 2554 606 2618 da
630 2553 745 2619 Banna
799 2590 812 2602 ·
950 2594 963 2604 -
1056 2590 1068 2604 ·
1439 2552 1632 2619 Subsidium
1649 2549 1693 2635 vj.
1706 2572 1729 2613 s.
1744 2547 1812 2633 viij.
1824 2545 1857 2611 d.

398 2641 543 2709 Ecclesia
564 2643 605 2709 de
628 2643 871 2709 Tnosunroau
906 2680 919 2695 -
1055 2678 1069 2691 ·
1406 2654 1411 2729 Ι
1438 2641 1631 2708 Subsidium
1646 2638 1692 2725 vj.
1703 2661 1727 2703 s.
1744 2634 1851 2722 viij.d

398 2732 544 2797 Ecclesia
565 2734 607 2797 de
630 2733 777 2798 Bornos
799 2750 847 2797 nn
870 2732 1060 2797 Honsusrn
1438 2731 1632 2797 Subsidium
1649 2729 1693 2815 vj.
1703 2751 1727 2793 s.
1743 2727 1812 2813 viij.
1825 2725 1859 2791 d.

398 2820 543 2886 Ecclesia
565 2822 606 2887 de
631 2822 864 2887 Lmuuurou
950 2858 961 2873 ·
1056 2859 1068 2870 -
1438 2820 1631 2888 Subsidium
1648 2819 1692 2904 vj.
1705 2840 1728 2883 s.
1746 2816 1815 2901 viij.
1825 2814 1860 2881 d.

399 2909 543 2977 Ecclesia
565 2910 606 2977 de
629 2911 917 2979 Wonnnouaun-
1056 2956 1068 2966 -
1268 2918 1274 2929 ·
1438 2910 1642 2977 Subsidium.
1735 2904 1861 2983 Nichil,

1103 2999 1201 3085 >non
1217 2994 1412 3087 taxantur<
1482 3001 1562 3086 quia
1576 3020 1643 3064 non
1659 2998 1778 3064 decem

399 3089 545 3158 Ecclesia
566 3091 607 3156 de
631 3090 787 3157 Haunou
846 3129 858 3143 ·
950 3127 964 3140 -
1056 3127 1070 3140 ·
1438 3089 1632 3157 Subsidium
1647 3088 1691 3172 vj.
1704 3109 1728 3153 s.
1745 3085 1814 3172 viij.
1824 3084 1858 3153 d.

398 3181 544 3248 Ecclesia
566 3181 607 3246 de
630 3179 936 3248 Narniaconrrou
1055 3221 1069 3232 -
1102 3102 1109 3350 Ι
1439 3179 1633 3247 Subsidium
1648 3179 1691 3263 vj.
1702 3199 1728 3243 s.
1745 3177 1814 3260 viij.
1824 3174 1858 3242 d.

399 3270 546 3338 Ecclesia
567 3267 617 3336 de'
632 3271 767 3337 Eous·
906 3308 921 3321 ·
1056 3303 1070 3316 -
1438 3270 1633 3337 Subsidium
1647 3269 1725 3354 vj.s.
1742 3265 1811 3352 viij.
1823 3265 1858 3331 d.

1483 3449 1564 3538 quia
1605 3453 1722 3536 postea
1769 3447 1858 3512 inter

1483 3538 1675 3626 dignitates.

1440 3629 1643 3696 Subsidium.
1735 3624 1858 3702 Nichil,

1409 3717 1434 3805 l
1485 3717 1565 3804 quia
1579 3739 1645 3782 non
1661 3721 1741 3782 sunt
1756 3729 1844 3780 xm.

1103 3357 1109 3704 Ι
1439 3361 1571 3447 [accep
1586 3357 1712 3425 erased.
1750 3356 1857 3440 Note]

401 3627 545 3694 Ecclesia
560 3627 601 3693 de
617 3628 712 3694 Suos
802 3663 814 3677 ·
951 3663 966 3676 -
1057 3667 1071 3681 ·

400 3847 451 3913 De
478 3846 589 3933 aliquo
615 3846 763 3912 subsidio
788 3848 1062 3934 parochianorum
1078 3847 1291 3936 infrascripte
1316 3849 1449 3915 ecclesie
1477 3849 1519 3913 de
1535 3845 1660 3923 sione,
1691 3850 1857 3931 queunte

355 3951 451 4016 susm.
478 3936 660 4023 predictam
684 3959 751 4000 non
778 3937 969 4015 taxabatur,
995 3958 1062 4002 non
1093 3939 1301 4024 respondent,
1329 3961 1367 4004 eo
1394 3939 1483 4024 quod
1510 3959 1576 4002 non
1602 3940 1682 4001 sunt
1707 3943 1857 4022 tempore

354 4027 569 4092 concessionis
601 4027 741 4091 subsidii
772 4026 920 4114 predicti,
947 4049 1005 4091 seu
1031 4033 1146 4113 postea
1176 4028 1315 4094 luerunt
1346 4030 1382 4093 in
1412 4027 1527 4093 eadem
1557 4025 1714 4113 parochia
1744 4025 1856 4090 decem

356 4117 582 4182 inhabitantes
599 4116 765 4181 domicilia
779 4122 940 4192 tenentes,
956 4123 996 4181 ut
1011 4116 1129 4182 dicunt
1144 4140 1244 4205 super
1259 4123 1504 4185 sacramentum
1519 4139 1623 4182 suam.

357 4247 429 4313 Nec
458 4245 657 4332 respondent
687 4245 727 4310 dc
758 4246 870 4332 aliquo
903 4245 1051 4312 subsidio
1084 4247 1293 4337 parochia-l

401 4357 519 4402 norum
534 4334 667 4401 ecclesie
682 4335 723 4401 de
738 4335 957 4402 Tuosunou-
1094 4375 1107 4386 -
1242 4379 1254 4391 ·
1287 4345 1293 4381 ¹

357 4425 428 4492 Nec
458 4425 659 4513 respondent
689 4425 730 4490 de
760 4426 873 4512 aliquo
904 4426 1051 4492 subsidio
1083 4426 1255 4514 parochia·
1288 4396 1293 4490 l
1326 4427 1370 4493 Et
1385 4450 1448 4514 que
1464 4434 1543 4493 ante
1564 4439 1657 4492 xum.
1673 4423 1857 4512 predictam

401 4537 520 4580 norum
536 4514 669 4582 ecclesie
685 4515 726 4580 de
742 4515 840 4581 Busa
986 4552 1001 4565 ·
1136 4553 1151 4565 -
1241 4553 1254 4566 ·
1369 4539 1437 4582 non
1496 4516 1704 4582 taxabantur
1757 4535 1859 4580 causa

357 4604 429 4671 Nec
458 4605 657 4689 respondent
686 4606 728 4670 de
759 4605 871 4691 aliquo
902 4605 1051 4672 subsidio
1083 4606 1253 4693 parochia·
1287 4560 1311 4694 i
1368 4607 1540 4684 consimili,
1556 4607 1644 4672 sicut
1666 4605 1858 4672 continetur

401 4715 520 4760 norum
536 4693 667 4759 ecclesie
684 4695 724 4758 de
740 4693 908 4760 Maassun
966 4731 978 4743 -
1091 4729 1106 4744 ·
1240 4731 1255 4744 ·
1369 4698 1405 4761 in
1420 4696 1639 4782 inquisiciona
1655 4694 1813 4780 predicta

357 4781 428 4848 Nec
454 4782 494 4936 epp
519 4782 631 4935 alfiquo
657 4783 804 4849 subsidio
819 4785 1095 4873 parochianorum
1120 4786 1253 4853 ecclesie
1286 4701 1292 4871 l

400 4876 442 4938 ds
485 4893 545 4938 ene
563 4871 621 4936 ord
688 4911 700 4924 ·
985 4912 999 4924 .
1135 4913 1144 4929 .
1241 4914 1247 4928 .

896 5071 1042 5138 Russus
1067 5073 1342 5140 SHAEPONIE.

403 5206 550 5274 Ecclesia
580 5205 709 5272 saaca
736 5205 932 5273 Lsuanucn
958 5210 1049 5276 infra
1073 5211 1215 5297 burgum
1241 5210 1437 5298 predictum,
1466 5235 1531 5298 que
1555 5213 1598 5279 ab
1631 5211 1771 5298 antiquo
1794 5230 1863 5278 non

357 5297 544 5373 taxabatur,
573 5315 662 5360 nunc
686 5295 727 5361 do
754 5319 842 5362 novo
869 5302 1007 5366 taxatur
1031 5321 1092 5387 per
1115 5301 1282 5387 quandam
1307 5301 1557 5388 inquisicionem
1584 5324 1694 5369 coram
1721 5301 1863 5391 prefatis

356 5385 584 5456 collectoribus
600 5393 730 5470 captam
747 5395 782 5453 et
796 5407 897 5474 penes
912 5390 972 5455 has
988 5391 1169 5476 particulas
1183 5397 1408 5458 remanentem
1423 5392 1468 5457 ad
1484 5415 1565 5460 xxx.
1574 5415 1767 5548 guffidium
1783 5481 1819 5569 iij
1838 5503 1856 5546 8
