4117 6200
933 651 1015 717 AJ).
1041 655 1135 718 1346.
1720 659 1783 720 395

332 940 377 1003 Et
392 941 433 1004 de
448 940 492 1024 vj.
510 959 537 1008 e.
553 941 623 1023 viij.
640 939 673 1004 d.
688 942 822 1024 receptis
837 940 877 1005 de
900 939 1050 1006 Johsnne
1075 943 1117 1006 de
1141 942 1303 1026 Maurdyn
1329 965 1387 1026 pro
1402 944 1457 1026 vj‘¹
1477 950 1569 1026 perte
1586 966 1638 1008 un.
1658 947 1681 1010 i.
1698 947 1783 1027 spud

288 1027 417 1105 Fenus,
431 1047 530 1112 quem
546 1027 682 1092 Issbeliu
697 1027 809 1093 anet
823 1034 858 1091 et
874 1029 1004 1094 heredes
1019 1030 1152 1097 Walteri
1169 1031 1210 1093 de
1225 1031 1422 1094 Munemuth
1438 1050 1540 1114 nuper
1556 1038 1742 1096 tenuerunt.

330 1162 376 1226 Et
401 1163 442 1228 de
464 1185 516 1229 ιι.
542 1185 569 1230 s.
595 1166 734 1248 receptis
759 1165 799 1229 de
823 1164 960 1228 Ricardo
984 1166 1025 1229 de
1048 1165 1221 1251 Burghope
1251 1187 1308 1249 pro
1333 1168 1377 1231 di.
1394 1168 1416 1231 f.
1434 1169 1469 1230 in
1496 1169 1670 1247 Eunones,
1695 1169 1781 1251 quod

288 1251 452 1318 Walterus
466 1250 507 1314 de
524 1249 680 1336 Burghop
693 1273 797 1336 nuper
811 1255 921 1317 tenuit
936 1253 976 1316 de
992 1251 1112 1318 honore
1126 1254 1166 1317 de
1181 1254 1316 1320 Wilton.

327 1386 373 1451 Et
398 1387 439 1451 de
463 1387 506 1453 xl.
529 1407 555 1451 s.
581 1389 721 1472 receptis
751 1389 791 1453 de
819 1390 958 1453 dominis
988 1391 1029 1453 de
1058 1391 1247 1474 Thornbury
1276 1412 1333 1474 pro
1363 1412 1417 1455 un.
1437 1393 1459 1454 f.
1482 1392 1605 1455 ibidem
1635 1395 1714 1472 (erit.
1745 1393 1780 1454 in

288 1474 517 1555 Tacuissem),
532 1475 619 1560 quod
634 1476 828 1540 Edmundus
842 1477 884 1542 de
900 1477 1032 1540 Mortuo
1046 1478 1132 1540 Mari
1148 1498 1248 1562 nuper
1262 1479 1382 1542 tenuit.

329 1611 371 1674 Et
387 1612 427 1675 de
442 1633 494 1677 ιι.
505 1631 532 1677 r.
544 1611 585 1675 de
600 1613 731 1676 domino
746 1613 786 1677 de
798 1613 896 1678 Stoke
908 1613 1001 1678 Blees
1014 1634 1074 1697 pro
1088 1614 1133 1681 di.
1144 1615 1167 1679 f.
1184 1616 1220 1677 in
1237 1616 1345 1683 Srorrn
1360 1616 1484 1693 Bnnus,
1492 1615 1579 1698 quod
1590 1617 1781 1680 Edmundus

286 1697 326 1762 de
340 1698 472 1763 Mortuo
486 1699 572 1763 Muri
585 1720 689 1784 nuper
704 1703 812 1765 tenuit
827 1702 868 1765 de
883 1699 1002 1764 honore
1017 1702 1058 1765 de
1074 1701 1251 1767 Redenore.

329 1835 372 1898 Et
387 1834 428 1899 de
442 1857 473 1901 x.
490 1855 516 1902 s.
535 1836 575 1900 de
591 1841 708 1921 qunrtn
723 1842 814 1921 perte
830 1839 853 1902 f.
880 1839 913 1900 in
941 1836 1125 1918 Conrrrrorr,
1152 1841 1187 1902 in
1209 1859 1309 1902 manu
1323 1840 1410 1924 regis
1423 1840 1576 1903 existenti
1607 1861 1662 1924 per
1692 1841 1781 1904 foris·

285 1921 409 1986 fectum
424 1923 542 2010 Rogeri
556 1925 597 1988 de
613 1925 744 1988 Mortuo
759 1925 796 1987 M
797 1927 854 2005 ari,
872 1927 1016 2005 senioris,
1031 1947 1129 2010 quem
1143 1927 1252 2010 Agnes
1265 1926 1358 1990 Belle
1373 1947 1474 2010 nuper
1488 1928 1607 1992 tenuit.

328 2058 373 2124 Et
387 2061 427 2124 de
443 2060 511 2145 viij.
528 2080 556 2126 e.
584 2063 722 2145 receptis
745 2062 786 2126 de
816 2061 1000 2127 ledewino
1024 2064 1066 2127 de
1091 2062 1222 2146 Fryvell
1245 2068 1279 2128 et
1302 2064 1430 2146 Agnete
1456 2063 1497 2126 de
1523 2062 1700 2148 Elmerugg
1723 2085 1782 2146 pro
1865 2037 1870 2043 ⁴

285 2148 401 2232 quinta
414 2153 507 2230 perte
522 2149 545 2213 f.
562 2149 597 2210 in
625 2149 775 2216 Mswsrm
799 2151 939 2228 Nronon,
964 2171 1063 2233 quam
1089 2151 1269 2215 Alexander
1292 2150 1333 2213 de
1359 2149 1481 2214 Frevilt
1496 2156 1530 2214 et
1556 2150 1719 2214 Johennes
1740 2150 1781 2214 de

286 2233 444 2320 Burghull
460 2255 561 2319 nuper
576 2240 760 2302 tenuerunt.

329 2371 374 2436 Et
388 2372 430 2437 de
447 2393 477 2437 v.
493 2392 520 2438 r.
537 2375 673 2457 receptis
688 2374 728 2437 de
738 2374 878 2459 Hugone
894 2375 934 2438 de
949 2374 1083 2438 Houton
1099 2395 1157 2459 pro
1168 2373 1240 2458 viij·
1254 2381 1347 2458 perte
1361 2395 1418 2440 un.
1430 2375 1452 2440 f.
1465 2376 1500 2437 in
1516 2377 1668 2455 Hourou,
1683 2397 1781 2459 quem

283 2459 445 2524 Weltems
459 2466 495 2524 et
508 2459 529 2523 J
531 2458 673 2525 ohannes
688 2461 727 2525 de
743 2461 877 2525 Houton
892 2482 994 2545 nuper
1008 2467 1186 2526 tenuerunt
1201 2463 1242 2526 de
1257 2463 1375 2526 honore
1390 2464 1432 2527 de
1446 2462 1609 2528 Boretord.

328 2597 373 2661 Et
387 2598 426 2663 de
441 2618 472 2664 x.
488 2617 515 2665 o.
533 2600 673 2682 receptis
688 2600 729 2663 de
745 2599 895 2664 Johcnne
909 2600 1039 2684 Aubrey
1054 2621 1113 2684 pro
1135 2607 1250 2684 quarte
1275 2607 1364 2686 parte
1379 2622 1434 2666 un.
1451 2600 1475 2666 f.
1492 2621 1536 2667 m.
1553 2602 1589 2666 in
1603 2603 1782 2680 erou,

284 2686 369 2769 quod
383 2684 524 2750 Thomas
539 2685 668 2770 Aubrey
682 2707 786 2771 nuper
801 2689 909 2752 tenuit
924 2689 965 2752 de
981 2685 1101 2752 honore
1116 2689 1156 2752 de
1172 2689 1296 2754 Weble.

327 2821 371 2885 Et
384 2823 424 2886 de
439 2845 470 2888 ι.
486 2844 514 2890 s.
529 2825 668 2908 receptis
682 2825 723 2888 de
739 2825 870 2891 Wsrino
884 2826 924 2892 de
940 2825 1094 2911 Gryndeu
1110 2848 1168 2911 pro
1181 2832 1297 2912 qucrtc
1307 2830 1398 2909 parte
1413 2825 1437 2891 f.
1454 2827 1488 2890 in
1501 2825 1676 2906 Gemens,
1688 2830 1780 2890 tenta

286 2908 326 2973 de
341 2910 453 2974 eodem
467 2909 598 2977 honore.

324 3047 370 3111 Et
382 3048 423 3112 de
438 3047 481 3114 xl.
498 3069 524 3114 o.
540 3049 678 3133 receptis
692 3050 732 3114 de
748 3049 922 3115 Eustachio
950 3050 991 3117 dc
1007 3050 1209 3136 Whyteneye
1232 3072 1289 3135 pro
1316 3070 1371 3116 un.
1389 3050 1411 3116 t.
1429 3052 1463 3114 in
1480 3051 1670 3131 Peucouon,
1687 3051 1773 3134 quod

284 3140 416 3200 tenetur
430 3136 471 3201 de
488 3137 619 3201 domino
634 3138 674 3201 de
689 3137 820 3223 Tregoz.

541 3278 758 3449 Summava.
775 3276 798 3341 f.
814 3275 920 3379 0¹³2}st
937 3284 994 3339 xx·
1014 3297 1088 3360 pars
1103 3280 1137 3339 et
1152 3276 1199 3339 xl·
1223 3297 1295 3359 pars
1310 3296 1366 3341 un.
1383 3275 1406 3340 f.

706 3383 778 3429 xxx.
795 3362 833 3429 tc.
849 3384 898 3448 nJ.
914 3384 942 3428 s.

760 3628 979 3695 Honoesouu
1002 3649 1047 3694 nn
1069 3628 1333 3695 BADELOWE.

327 3816 370 3879 Et
390 3817 431 3879 de
458 3816 501 3899 vj.
530 3817 564 3881 li.
592 3818 732 3899 receptis
758 3817 797 3880 de
812 3816 961 3901 episcopo
978 3816 1208 3880 Herefordensi
1223 3836 1281 3899 pro
1297 3814 1400 3879 tribus
1415 3812 1517 3878 feodis
1532 3814 1567 3876 in
1583 3814 1781 3893 Wuurrrrou,

285 3902 433 3983 Hssnnn,
458 3910 491 3967 et
514 3902 667 3969 Mortuos.

328 4040 373 4104 Et
388 4040 429 4103 de
446 4038 482 4123 ij.
498 4039 618 4102 merois
643 4041 782 4124 receptis
805 4039 844 4103 de
870 4040 1011 4103 dominis
1035 4040 1075 4103 de
1099 4040 1222 4123 Magna
1237 4038 1407 4120 Tadynton
1423 4058 1480 4121 pro
1495 4037 1618 4100 duabus
1632 4038 1782 4118 pertibus

284 4146 339 4194 un.
356 4128 380 4191 f.
396 4126 520 4191 ibidem
539 4127 617 4205 (scit.
634 4125 669 4188 in
685 4127 806 4193 Misus
822 4128 1023 4206 Thusuros),
1040 4147 1104 4210 que
1119 4131 1275 4189 tenentur
1290 4125 1330 4187 de
1345 4145 1432 4209 rege.

330 4264 377 4327 Et
404 4263 521 4328 dcxx.
546 4283 572 4328 s.
601 4264 740 4345 receptis
766 4262 807 4327 de
834 4262 931 4326 Petro
958 4262 998 4325 de
1029 4262 1249 4326 Grundissono
1278 4282 1336 4345 pro
1366 4260 1411 4325 di.
1442 4258 1466 4326 f.
1491 4262 1526 4322 in
1556 4262 1728 4329 Aspnnrou
1750 4267 1784 4327 et

286 4352 468 4427 susurros,
482 4350 568 4433 quod
585 4350 767 4414 Wilielmus
782 4351 822 4414 de
837 4350 1057 4414 Grandissono
1073 4350 1115 4412 de
1129 4350 1247 4412 honore
1261 4350 1301 4412 de
1317 4346 1495 4411 Munmuth
1511 4368 1613 4431 nuper
1628 4352 1746 4415 tenuit.

326 4490 375 4555 Et
388 4490 430 4553 de
444 4509 496 4555 xx.
512 4508 539 4554 s.
556 4489 696 4572 receptis
710 4487 751 4553 de
766 4487 905 4551 Ricardo
919 4488 960 4551 de
975 4488 1006 4552 ln
1021 4487 1134 4572 Lynde
1149 4491 1184 4550 et
1198 4485 1348 4551 Jchcnne
1374 4486 1414 4549 de
1438 4486 1606 4570 Aylesford
1621 4508 1680 4571 pro
1694 4487 1739 4554 di.
1757 4490 1780 4553 f.

281 4579 324 4729 idne
331 4577 739 4729 iigffifflffigim
754 4576 911 4642 Ricardus
926 4582 959 4640 et
974 4575 1134 4640 Gereldus
1149 4575 1190 4638 de
1201 4573 1374 4658 Aynesford
1389 4576 1475 4659 tric.)
1487 4593 1589 4657 nuper
1603 4578 1781 4639 tenuerunt

327 4802 370 4866 Et
394 4801 435 4864 de
459 4820 512 4867 xx.
539 4820 566 4865 s.
594 4802 731 4884 receptis
760 4800 803 4863 de
833 4798 974 4864 Waltero
1005 4800 1046 4864 de
1078 4797 1268 4881 Hurtesleye
1294 4817 1351 4880 pro
1376 4795 1724 4867 di.f.inW111rnwr1s
1747 4800 1782 4859 et

283 4890 671 5042 ἔθυεᾞῐξιέοὲἰίἰιηοίο
695 4912 736 4953 οη
755 4912 791 4972 p.
814 4891 906 4966 411),
929 4888 1015 4972 quod
1052 4884 1218 4951 Johennes
1241 4886 1281 4949 dc
1310 4883 1505 4967 Hurteslcye
1534 4903 1637 4968 nuper
1669 4884 1779 4948 tenuit

326 5114 371 5179 Et
385 5114 425 5177 de
441 5134 493 5176 xx.
509 5134 535 5178 s.
552 5112 689 5195 receptis
703 5110 744 5175 de
758 5110 917 5189 Johsnns,
944 5134 1006 5196 que
1029 5114 1093 5176 fuit
1115 5133 1195 5176 uxor
1221 5110 1365 5175 Gilberti
1390 5110 1430 5173 de
1454 5110 1551 5193 Lecy,
1567 5130 1625 5193 pro
1641 5109 1686 5173 di.
1704 5108 1729 5175 f.
1746 5110 1781 5172 in

284 5202 401 5269 Frons
416 5200 553 5280 Ossren,
568 5199 655 5283 quod
670 5197 691 5262 J
693 5196 834 5263 ohannes
849 5200 889 5263 de
906 5200 991 5283 Lucy
1005 5222 1109 5284 nuper
1124 5200 1232 5264 tenuit
1247 5199 1287 5263 de
1303 5200 1416 5262 eodem
1431 5194 1563 5261 honore.

327 5342 372 5405 Et
386 5340 427 5404 de
443 5359 495 5405 xx.
512 5359 539 5403 s.
556 5338 693 5421 receptis
710 5337 750 5402 de
765 5336 914 5402 Johanne
930 5338 970 5402 de
997 5339 1103 5403 Solers
1124 5344 1158 5403 et
1182 5335 1308 5401 Thomu
1330 5337 1371 5400 de
1393 5336 1426 5398 lu
1448 5334 1546 5399 Bcrre
1570 5354 1628 5416 pro
1642 5333 1688 5397 di.
1705 5334 1729 5398 f.
1745 5336 1780 5397 in

285 5431 392 5496 Psnvs
415 5428 608 5507 Musonnrn,
639 5425 725 5509 quod
755 5425 917 5490 Walterus
946 5428 988 5489 de
1024 5428 1057 5491 le
1085 5426 1184 5491 Berre
1213 5432 1248 5488 et
1271 5424 1427 5488 Ricardus
1449 5423 1490 5485 de
1514 5422 1547 5484 la
1576 5421 1657 5483 Bere
1681 5441 1784 5504 nuper

283 5520 459 5582 tenuerunt
474 5516 516 5579 de
530 5515 644 5579 eodem
660 5510 789 5579 honore.
