4117 6200
331 524 395 587 122
979 517 1165 588 Donsn'r.

369 712 552 827 inquisitio
581 742 681 825 captu
705 738 795 825 opud
825 738 1005 805 Blnncford
1029 738 1163 815 Forum
1187 739 1224 803 in
1250 740 1412 807 comitutu
1438 738 1589 818 Dorsete,
1608 739 1666 828 ¹die
1690 740 1829 808 Subbati

322 854 474 940 proximo
497 860 574 942 post
597 854 722 922 festum
749 855 867 922 Sencti
893 854 1043 931 Martini,
1060 855 1224 941 Episcopi,
1239 876 1329 921 enno
1355 855 1451 943 regni
1476 857 1564 945 regie
1586 856 1725 923 Henrici
1740 857 1827 923 sexti

321 977 399 1059 post
412 977 631 1059 conquestum
647 971 783 1050 docimo,
793 991 904 1037 corum
920 969 1111 1036 Humfredo
1126 969 1284 1047 Stofford,
1293 971 1449 1049 chivnler,
1458 971 1614 1037 Johnnne
1628 970 1663 1037 N
1664 972 1825 1061 enbnrgh,

321 1088 458 1165 seniore,
473 1088 602 1153 Thomu
625 1087 750 1165 Hunee,
767 1085 913 1153 Roberto
937 1084 1124 1173 Rcmpston
1146 1089 1182 1151 et
1203 1085 1368 1152 Willrlmo
1384 1084 1523 1167 Gerurd,
1538 1087 1826 1152 commissioneriis

321 1202 402 1269 dicti
429 1202 556 1267 domini
578 1200 666 1289 regis
689 1201 725 1265 in
739 1200 902 1267 comitatu
925 1199 1086 1287 predicto,
1104 1200 1233 1266 virtute
1259 1200 1433 1266 literarum
1460 1200 1652 1287 potencium
1679 1201 1825 1289 ejusdem

320 1315 447 1383 domini
463 1318 548 1404 regie
564 1316 686 1386 eisdem
702 1315 992 1383 commissionum-iis
1008 1314 1218 1393 directurum,
1234 1320 1269 1380 et
1290 1314 1369 1381 huic
1380 1315 1591 1402 inquisicioni
1606 1322 1827 1397 consutorum,

318 1434 361 1498 cd
387 1431 626 1519 inquirendum
652 1432 694 1497 de
718 1431 859 1497 diversis
883 1429 1038 1496 articulis
1065 1430 1103 1495 in
1130 1429 1255 1496 eisdem
1283 1431 1389 1498 literis
1415 1432 1620 1519 specificatio,
1634 1455 1694 1521 per
1716 1454 1825 1500 secru-

318 1552 469 1613 mentum
484 1546 663 1634 proborum
678 1550 712 1613 ct
727 1546 886 1635 legniium
909 1546 1082 1612 hominnm
1099 1545 1199 1635 burgi
1215 1546 1257 1612 de
1273 1545 1509 1633 Sheitysbury,
1523 1568 1563 1615 cc
1577 1548 1824 1615 hundredorum

317 1662 358 1728 de
385 1662 518 1748 Sexpen
546 1668 581 1728 ct
605 1660 726 1740 Hnnle,
753 1661 947 1748 Pymperne,
973 1660 1154 1739 Bronshill,
1178 1660 1362 1748 Rydelone,
1377 1661 1574 1750 Whitewey,
1596 1662 1762 1730 Newcton
1788 1668 1823 1729 et

315 1778 497 1855 Bouclond,
520 1776 612 1842 infre
646 1776 774 1843 dictum
809 1776 1007 1843 comitatum
1037 1776 1270 1854 existentium,
1300 1775 1465 1854 videlicet,
1495 1776 1653 1842 Willelmi
1684 1778 1824 1857 Morton,

314 1891 478 1959 Johnnniu
506 1890 627 1971 White,
655 1890 794 1957 Walteri
819 1888 1069 1978 Helieknyght,
1096 1889 1261 1957 iohannis
1292 1890 1482 1969 Bluneford,
1508 1890 1661 1977 junioris,
1686 1892 1825 1960 Roberti

314 2012 458 2085 Bevent,
473 2004 630 2073 Edwardi
655 2002 767 2082 Stone,
783 2004 952 2091 Radulphi
981 2003 1114 2081 Belton,
1131 2002 1290 2069 Willelmi
1306 2003 1489 2082 Stomford,
1509 2004 1680 2094 Redulphi
1706 2007 1824 2085 lohet,

315 2124 474 2191 Willelmi
499 2120 708 2207 Weikeleyn,
724 2117 890 2185 «Iohannis
916 2117 1068 2196 Roudon,
1093 2118 1241 2196 senioris,
1261 2118 1450 2184 Bnldewini
1476 2118 1662 2199 Thornhill‚
1684 2120 1823 2188 Roberti

314 2238 474 2315 Bnkeber,
490 2234 653 2302 Johunnie
683 2233 867 2319 Godewyn‚
885 2231 1011 2299 Thomu
1035 2232 1207 2312 Mcnston,
1223 2232 1382 2297 Willclmi
1409 2232 1643 2311 Horneubowe,
1658 2234 1681 2301 J
1683 2236 1823 2302 ohannis

312 2354 385 2431 Fre,
400 2351 522 2441 Rogeri
546 2350 771 2439 Servyngton,
786 2348 809 2414 J
811 2348 951 2415 ohannis
968 2348 1138 2435 Letymcr,
1154 2346 1189 2413 N
1190 2347 1310 2414 ioholoi
1329 2348 1503 2434 Lutymer,
1518 2347 1541 2413 J
1542 2348 1682 2415 ohenrriu
1701 2348 1820 2430 Coker,

313 2468 439 2535 Thome
469 2463 675 2540 Blukemorc,
714 2461 853 2527 Rcberti
890 2460 1023 2527 Pollurd
1063 2465 1098 2526 et
1137 2460 1304 2527 Johnnnie
1343 2461 1541 2550 Stephenye,
1571 2462 1750 2531 electorum
1788 2472 1824 2533 ct

310 2584 510 2671 juratorum,
527 2577 583 2665 qui
599 2577 718 2645 dicunt
732 2598 831 2663 super
845 2578 1090 2643 recrementum
1107 2596 1216 2653 suum,
1231 2576 1321 2661 quod
1331 2599 1385 2642 :-

764 2788 926 2875 [Bunuus
949 2804 996 2853 nn
1019 2785 1378 2874 unumunurm]

361 2932 548 3000 Willelmus
563 2928 727 3007 Anketill,
752 2928 795 2994 de
823 2927 948 3033 hoygh,
963 2927 999 2992 in
1023 2926 1174 3014 predicto
1201 2926 1362 2995 comitutu
1386 2927 1535 3006 Doruete,
1553 2931 1707 3019 armiger,
1731 2936 1824 2999 tenet

316 3024 449 3091 diverse
478 3026 586 3089 terreo
616 3025 651 3086 et
680 3022 871 3085 tenemento
894 3038 931 3083 ιιι
964 3016 1115 3105 predicto
1152 3015 1260 3104 burgo
1290 3018 1332 3083 de
1365 3016 1628 3099 Snumsnunr,
1658 3042 1721 3108 qne
1755 3043 1821 3087 non

315 3119 473 3182 tenentur
488 3134 547 3200 per
562 3110 739 3178 servicium
755 3108 911 3186 militare,
927 3112 961 3173 et
977 3108 1090 3173 volent
1105 3127 1315 3194 perannum,
1330 3108 1422 3174 ultre
1435 3110 1578 3203 repr-isne
1700 3145 1716 3160 ·
1759 3133 1788 3178 c.
1797 3135 1823 3180 r.

363 3227 554 3317 Stephanus
582 3224 722 3302 Russell,
745 3223 786 3290 de
813 3221 1019 3298 Dorchostre,
1046 3221 1083 3287 in
1109 3223 1258 3308 predicto
1285 3223 1444 3289 comitutu
1467 3223 1616 3302 Doruete,
1642 3227 1822 3304 merchant,

315 3323 410 3386 tenet
435 3318 568 3384 diverse
593 3320 700 3383 terres
727 3318 762 3379 ct
788 3315 980 3380 tenemento
1004 3312 1042 3376 in
1068 3310 1158 3378 dicto
1182 3311 1288 3400 burgo
1313 3313 1355 3379 de
1381 3313 1644 3395 Snnmsnunr,
1667 3337 1731 3402 que
1755 3339 1822 3383 non

316 3414 475 3475 tenentur
489 3428 549 3494 per
564 3404 738 3472 servicium
754 3402 910 3482 militare,
924 3407 959 3469 ct
974 3401 1090 3500 valent
1104 3421 1313 3487 perannum,
1328 3402 1418 3468 ultre
1433 3404 1577 3491 repriseu
1637 3495 1645 3510 .
1733 3493 1820 3563 ”u

361 3611 529 3677 Robertue
560 3607 658 3694 Frye‚
674 3606 715 3672 de
743 3605 1020 3692 Weetm[inutre],
1044 3605 1081 3670 in
1108 3605 1268 3672 comitatu
1301 3606 1529 3688 Middleeexie,
1559 3516 1696 3677 0131?ch
1709 3518 1822 3678 Vltinet

315 3703 449 3768 diverso
472 3705 579 3764 terres
604 3701 639 3763 et
664 3700 856 3762 tenementn
880 3694 916 3759 in
941 3695 1056 3760 codem
1081 3694 1196 3786 burgo,
1212 3718 1276 3782 que
1291 3718 1359 3762 non
1380 3702 1538 3765 tenentur
1562 3721 1622 3783 per
1643 3700 1821 3768 servicium

316 3791 469 3867 militare,
485 3793 520 3855 ct
535 3785 651 3853 velent
667 3806 877 3874 perannum,
892 3783 983 3850 ultro
997 3785 1141 3872 repriuus
1296 3823 1311 3840 ·
1489 3823 1505 3839 ·
1682 3827 1696 3839 -
1740 3789 1819 3858 xii,

364 3905 547 3972 Willelmus
572 3901 741 3990 Teyllour,
756 3900 797 3966 dc
827 3898 1058 3986 Sheitysbury
1079 3899 1236 3986 predicte,
1257 3898 1406 3980 clericus,
1428 3901 1531 3968 habet
1554 3909 1589 3970 ct
1612 3902 1755 3992 percipit
1780 3904 1822 3970 de

314 3991 669 4155 fflffmffiaffm
693 3991 793 4058 terrio
811 3993 858 4130 'et
887 3988 1086 4128 tenementis
1101 3989 1152 4127 ’in
1179 3989 1293 4130 eodem
1324 3991 1439 4133 burg-o,
1465 3993 1640 4132 quemdem
1670 4016 1820 4151 upnucprp

360 4227 448 4296 Item
463 4223 605 4292 ulterius
621 4220 738 4288 dicunt
752 4216 893 4307 predicti
905 4217 1082 4305 juratores,
1097 4217 1186 4304 quod
1198 4241 1252 4285 r-

827 4431 1022 4520 [snxrmr
1047 4447 1090 4498 rr
1113 4431 1295 4518 nmen]

357 4603 497 4672 Juliunu
527 4598 658 4678 Gilden,
680 4598 722 4665 de
750 4597 919 4685 Gnssych,
944 4597 981 4662 in
1008 4596 1159 4683 predicto
1184 4596 1344 4664 comitutu
1373 4596 1523 4675 Derceto,
1549 4599 1705 4676 wodcwe,
1730 4601 1823 4666 tenet

314 4693 448 4762 diversa
471 4695 578 4758 terras
603 4695 638 4757 et
664 4691 855 4756 tenemente
881 4688 917 4752 in
932 4685 1109 4764 Gumrcn,
1130 4685 1166 4752 in
1189 4685 1340 4773 predicto
1365 4687 1539 4756 hundredo
1563 4688 1605 4754 de
1631 4689 1764 4777 Sexpen
1787 4693 1824 4756 et

314 4783 435 4861 Hunle,
450 4801 509 4868 per
523 4779 701 4846 servicium
717 4784 834 4846 octove
849 4776 957 4864 portis
971 4796 1026 4841 nn.
1042 4777 1069 4842 f.
1084 4797 1128 4842 m.

357 4897 530 4964 Johannes
560 4893 737 4981 Englyssh,
769 4892 811 4958 de
842 4889 995 4978 Gusuych
1022 4890 1181 4976 predicte,
1210 4911 1344 4976 yomnn,
1366 4895 1460 4957 tenet
1485 4891 1619 4960 diverse
1652 4895 1760 4959 mnne
1785 4898 1821 4960 et

313 4987 506 5142 tenefmplntc
534 4983 571 5048 in
601 4983 717 5050 eedem
747 4981 839 5063 villo,
869 4982 905 5046 in
933 4980 1048 5046 eodem
1078 4978 1260 5058 hundredo,
1285 5001 1345 5067 per
1373 4981 1549 5049 cervicium
1573 4987 1690 5051 octove
1712 4983 1820 5071 pertin

310 5097 523 5256 miidtdms
540 5187 674 5274 Heyne,
689 5184 730 5250 de
746 5183 864 5260 Heme,
879 5183 914 5247 in
928 5183 1080 5270 predicto
1095 5181 1257 5250 comitutu
1273 5182 1421 5263 Doructe,
1448 5207 1583 5274 yomon,
1598 5191 1634 5253 et
1647 5187 1818 5254 Johenneo

311 5280 421 5348 Henle
437 5279 478 5346 de
494 5278 619 5355 eedem,
634 5296 767 5364 yomen,
782 5277 899 5340 tenent
915 5273 1049 5339 diverso
1063 5277 1170 5337 terras
1181 5279 1217 5339 ct
1230 5278 1422 5341 tenemente
1435 5277 1472 5342 in
1490 5277 1624 5354 Huuuu,
1640 5279 1676 5342 in
1703 5277 1817 5343 eodem

309 5369 491 5449 hundredo,
507 5389 567 5456 per
582 5363 758 5433 servicium
774 5367 893 5449 quarte
909 5362 1016 5448 pertis
1032 5382 1087 5427 un.
1103 5361 1127 5425 f.
1143 5383 1186 5428 m.
1293 5415 1299 5427 .
