4117 6200
261 642 324 708 372
930 629 1089 697 HAN'I'S.

306 925 504 1076 Rpginaldus
519 923 621 1004 West,
636 920 785 1000 ehivaler,
801 923 888 985 tenet
904 921 1088 986 manerium
1102 919 1141 983 de
1156 919 1359 1000 Wruusnou,
1381 939 1437 1003 per
1458 923 1607 1003 quartam
1630 921 1759 1003 partem

263 1035 319 1080 uu.
352 1033 420 1078 .m.

306 1148 495 1300 deulphus
522 1145 626 1211 Bussh
650 1149 741 1210 tenet
765 1146 854 1209 aliud
880 1147 1061 1209 manerium
1086 1146 1120 1208 in
1146 1145 1350 1226 Wruuarorr,
1374 1165 1431 1227 per
1455 1148 1605 1228 quartam
1631 1149 1757 1227 partem

263 1259 318 1303 nn.
351 1258 420 1302 .m.

306 1376 463 1525 Kpterina
485 1374 525 1438 de
552 1371 776 1456 Styntesforde
801 1373 892 1435 tenet
918 1371 1100 1435 manerium
1125 1371 1166 1434 de
1193 1371 1348 1448 Haurorr,
1373 1388 1430 1454 per
1458 1373 1608 1452 quartam
1633 1374 1758 1453 partem

263 1483 319 1529 un.
353 1483 423 1528 .m.

306 1600 471 1666 lohannes
499 1598 596 1662 Halle
626 1601 661 1662 et
691 1597 848 1661 Ricardus
877 1595 995 1661 Seman
1023 1599 1136 1661 tenent
1165 1597 1346 1661 manerium
1376 1597 1416 1660 de
1453 1595 1672 1674 Fraunuunn,
1701 1615 1758 1679 per

264 1694 412 1774 quartam
427 1691 551 1771 partem
566 1707 621 1752 un.
638 1686 662 1752 f.
677 1707 722 1751 m.

307 1824 490 1889 Willelmus
505 1825 655 1904 Boterar,
671 1822 835 1888 lohannes
850 1819 989 1898 Nelond‚
1009 1826 1044 1884 et
1067 1821 1248 1886 willelmus
1274 1820 1351 1885 Bole
1374 1825 1488 1886 tenent
1510 1821 1693 1885 manerium
1720 1818 1760 1884 de

264 1914 430 1993 Pnurnorr,
444 1933 503 1997 per
515 1917 663 1976 octavam
678 1915 804 1996 partem
819 1929 874 1974 un.
891 1909 914 1974 f.
930 1928 976 1973 m.

306 2052 392 2116 Item
415 2051 531 2114 dicunt
555 2048 691 2132 predicti
710 2047 880 2131 juratores,
897 2045 983 2129 quod
1007 2043 1164 2110 non'snnt
1178 2033 1271 2131 plura
1285 2047 1379 2110 feoda
1390 2047 1550 2128 militum,
1567 2045 1759 2110 medietates

263 2159 320 2203 seu
335 2139 533 2223 quantitates
548 2156 609 2221 que
623 2137 793 2218 attingrmt
807 2131 849 2196 ad
870 2133 1009 2197 decimas
1037 2137 1143 2216 partes
1169 2133 1336 2197 feodorum
1362 2133 1517 2213 militum,
1544 2153 1648 2216 neque
1674 2138 1759 2196 terre

263 2226 314 2291 vel
339 2228 538 2303 tenementa,
563 2222 709 2286 redditus
731 2241 864 2285 onerum
890 2224 948 2284 aut
973 2220 1120 2284 redditus
1145 2221 1227 2284 aecci
1251 2241 1307 2304 per
1332 2223 1502 2285 servicium
1529 2221 1670 2285 militare
1693 2240 1759 2283 non

264 2319 356 2378 teuta
383 2312 468 2375 inira
482 2310 689 2374 hundredum
704 2309 897 2392 predictum,
915 2313 1005 2372 extra
1020 2309 1233 2393 possessiones
1247 2308 1471 2394 religiosorum
1482 2315 1541 2373 aut
1551 2328 1757 2392 personarum

264 2400 481 2486 spiritualium
504 2402 586 2501 'ante
613 2397 793 2499 predictum
818 2401 895 2458 xalm
919 2395 1220 2498 anpumulidwardi
1250 2397 1347 2498 primi
1376 2397 1556 2499 amortisati
1586 2393 1669 2498 (sic).
1716 2395 1758 2457 In

264 2508 401 2572 quorum
425 2507 571 2550 omnium
601 2481 855 2572 [testimouium]
886 2483 1021 2568 predretr
1047 2487 1208 2566 juratores
1231 2481 1308 2546 hurc
1333 2504 1541 2566 rnqursreronr
1570 2482 1678 2569 srgrlla
1703 2503 1760 2546 sua

263 2575 448 2645 alternatim
463 2576 692 2660 apposuerunt.
738 2572 861 2636 Datum
876 2573 941 2649 die,
954 2569 1036 2650 loco,
1053 2575 1087 2633 et
1102 2589 1187 2634 anno
1202 2571 1405 2654 supradictis.

309 2977 486 3063 Inquisicio
500 2981 595 3060 capta
609 2974 696 3061 apud
711 2974 921 3058 Wyntoniam
936 2973 990 3038 die
1003 2974 1158 3037 Mercurii
1172 2974 1318 3058 proximo
1332 2980 1405 3058 post
1430 2975 1550 3039 festum
1575 2975 1758 3060 Epiphanie

265 3067 410 3146 Domini,
425 3085 509 3129 anno
535 3065 628 3149 regui
651 3063 738 3148 regis
762 3061 896 3127 Heurici
923 3063 1006 3127 sexti
1021 3066 1096 3146 post
1110 3067 1320 3146 conquestum
1337 3062 1475 3141 decimo,
1489 3084 1594 3127 coram
1611 3062 1760 3129 Johanne

267 3154 425 3235 Uvedale,
442 3152 605 3217 Willelmo
620 3152 748 3228 Brocas,
766 3150 909 3215 Roberto
933 3151 1095 3234 Dyngley,
1120 3149 1269 3214 Johanne
1295 3149 1408 3230 Rolrle,
1435 3156 1470 3214 et
1493 3150 1638 3215 Waltero
1664 3151 1759 3233 Veer,

267 3242 458 3307 vicecomite
469 3239 710 3323 Suthampton',
720 3239 842 3303 virtute
858 3238 1058 3321 quarundam
1074 3239 1262 3302 litterarum
1276 3237 1401 3301 domini
1415 3240 1501 3323 regis
1516 3240 1705 3323 patencium
1714 3242 1762 3304 eis

267 3331 398 3395 directis
426 3334 462 3393 et
492 3327 568 3391 huic
596 3328 803 3411 inquisicioni
833 3330 1052 3405 consumtum,
1083 3345 1138 3410 per
1168 3330 1407 3388 sacramentum
1445 3327 1578 3391 Ricardi
1610 3325 1762 3406 Lelrlord,

266 3417 426 3487 Johannis
447 3416 573 3499 Fayrle,
596 3413 755 3479 Johannis
778 3412 924 3490 (labben,
949 3412 1107 3475 Willelmi
1130 3412 1248 3492 Pistor,
1274 3412 1431 3475 Willelmi
1457 3412 1579 3493 James,
1605 3414 1761 3479 Johannis

267 3508 388 3585 Trotte,
405 3502 563 3569 Johannis
578 3502 705 3578 Seman,
718 3499 842 3565 Thome
868 3501 1040 3579 Laurence,
1059 3499 1217 3563 Willelmi
1244 3500 1402 3581 Benham,
1427 3499 1586 3565 Johannis
1610 3500 1761 3587 Clopton,

268 3593 426 3659 Johannis
449 3589 608 3669 Clement,
633 3593 668 3652 et
684 3588 841 3651 Willelmi
858 3585 1000 3665 Marche,
1010 3586 1197 3670 juratorum
1214 3586 1455 3651 hundredorum
1469 3588 1644 3672 Paystrow,
1661 3590 1762 3668 (llere,

269 3676 467 3758 Holleschot,
482 3682 516 3739 et
532 3675 714 3759 Chewteley
729 3676 763 3738 in
779 3674 937 3739 comitatu
953 3672 1193 3756 Suthampton’,
1209 3675 1266 3759 qui
1281 3675 1396 3739 dicunt
1411 3696 1506 3759 super
1521 3683 1761 3741 sacramentum

270 3790 366 3835 suum
381 3765 532 3850 qnod:-

312 3954 505 4033 Willelmns,
519 3952 669 4016 dominus
683 3950 723 4013 de
739 3949 912 4030 Botreaux‚
929 3954 1020 4015 tenet
1036 3954 1161 4037 septem
1186 3951 1354 4035 mesnagis
1375 3954 1410 4013 et
1434 3950 1458 4033 ij
1477 3956 1643 4015 carucatas
1668 3957 1763 4032 terre,

271 4065 346 4109 cum
361 4041 582 4128 pertinenciis,
595 4040 630 4102 in
649 4038 832 4117 Souastos,
849 4058 905 4120 per
920 4042 1068 4123 quartam
1082 4043 1210 4121 partem
1223 4058 1278 4103 un.
1295 4039 1318 4102 f.
1334 4058 1379 4104 m.

313 4182 335 4246 J
336 4182 476 4245 ohannes
492 4178 587 4241 Halle
601 4176 642 4240 de
657 4176 779 4253 Lenes,
792 4176 828 4238 in
843 4178 1001 4240 comitatu
1017 4175 1177 4255 Sussexie,
1193 4174 1386 4261 gentilman,
1401 4176 1561 4240 Robertus
1586 4176 1764 4257 Thurbern,

271 4274 379 4333 custos
402 4266 487 4330 Novi
510 4264 646 4349 collegii
660 4262 845 4347 wyntonia
859 4268 895 4327 et
908 4260 931 4327 J
932 4262 1075 4328 ohannes
1090 4262 1186 4327 Rocle
1201 4262 1242 4325 de
1259 4263 1313 4346 Up
1329 4262 1540 4342 Somboume,
1553 4263 1589 4325 in
1603 4265 1765 4328 comitatu

271 4352 510 4526 gpplppffipttppz,
524 4352 718 4435 gentilmau,
732 4354 847 4414 tenent
861 4350 1071 4416 medietatem
1096 4370 1152 4415 un.
1168 4350 1192 4416 f.
1206 4370 1252 4415 m.
1268 4350 1304 4413 in
1327 4351 1517 4431 Anrrrororr,
1545 4352 1580 4414 in
1605 4353 1764 4416 comitatu

312 4580 498 4645 Lodewicus
524 4576 612 4641 John
636 4575 677 4639 de
703 4573 907 4655 Thornedon,
929 4578 964 4640 in
988 4577 1148 4641 comitatu
1172 4576 1302 4657 Essexe,
1328 4577 1480 4663 armiger,
1495 4580 1588 4643 tenet
1613 4580 1764 4663 quartam

271 4675 400 4756 partem
415 4686 471 4733 un.
487 4666 511 4731 f.
528 4686 572 4728 m.
588 4665 622 4727 in
638 4664 707 4730 Esr
723 4662 893 4729 Tunnanu.

317 4808 434 4884 Alicia,
469 4823 573 4887 nuper
608 4821 687 4865 uxor
721 4798 879 4863 Johannis
917 4798 1015 4881 Orell,
1052 4800 1184 4865 domina
1219 4802 1261 4865 de
1301 4800 1499 4882 Warneiord,
1535 4804 1571 4865 in
1607 4804 1766 4867 comitatu

274 4890 515 5065 ffiffiffi'
538 4894 631 4955 tenet
666 4890 751 4973 mJ⁸²
786 4892 911 4972 partem
946 4907 1003 4951 un,
1039 4886 1062 4952 f.
1098 4909 1143 4955 m.
1180 4891 1216 4951 in
1252 4889 1479 4968 Wnsuuroan,
1522 4891 1558 4953 in
1605 4892 1765 4955 comitatu

318 5120 432 5186 (lomes
447 5115 618 5181 Staffordie
633 5116 722 5177 tenet
736 5111 822 5197 iiij*
835 5115 961 5195 partem
975 5131 1031 5176 un.
1047 5112 1070 5176 f.
1085 5132 1131 5175 m.
1145 5112 1180 5175 in
1196 5112 1452 5181 Gonammoa.

315 5258 473 5322 Robertas
497 5252 643 5337 Dyneley
666 5250 706 5313 de
729 5248 929 5327 Wolverton,
954 5252 989 5313 in
1016 5251 1177 5315 comitatu
1202 5249 1443 5334 Suthamptou',
1459 5250 1610 5336 armiger,
1623 5248 1764 5317 Thomas

272 5345 454 5430 Wykeham
481 5342 523 5405 de
551 5337 664 5416 Asshe,
687 5340 722 5401 in
751 5336 910 5401 comitatu
940 5336 1074 5415 Oxouie,
1103 5336 1255 5419 ehivaler,
1286 5347 1319 5403 et
1351 5337 1537 5403 Willelmus
1567 5336 1699 5402 Faehell
1725 5341 1766 5405 de

272 5432 497 5591 sshffifflr’
508 5430 543 5492 in
568 5426 728 5492 comitatu
752 5423 991 5509 Suthampton',
1005 5426 1154 5513 armiger,
1168 5430 1281 5490 tenent
1307 5423 1401 5513 ffijan
1415 5432 1544 5513 partem
1558 5444 1613 5491 uu.
1631 5427 1655 5495 f.
1671 5447 1715 5490 m.
1730 5429 1766 5492 in
