4117 6200
885 599 966 670 AD.
994 605 1091 669 1285.
1698 599 1740 664 17

272 819 299 882 V
301 822 484 888 eredietum
525 820 690 886 hundredi
730 821 845 888 Sancti
885 820 1022 907 Georgii
1047 821 1176 886 lactum
1208 841 1268 905 per
1300 819 1359 904 xij.
1381 818 1549 902 juratores
1586 816 1734 901 ejusdem

224 909 400 989 hundredi,
416 933 558 998 quorum
574 912 709 976 nomina
724 917 804 978 sunt
819 912 854 975 in
871 911 1012 998 parelio,
1029 911 1177 978 dicentes
1192 931 1292 997 super
1307 913 1550 977 sacramentum
1567 907 1711 975 illorum.

267 1195 353 1262 Item
376 1202 459 1284 quot
483 1198 562 1263 ville
585 1200 620 1262 in
643 1196 828 1276 hundredo,
851 1203 886 1264 et
901 1220 964 1286 que
980 1202 1061 1264 sunt
1084 1195 1210 1284 regales
1225 1217 1284 1262 seu
1307 1195 1488 1284 gudabiles,
1511 1201 1546 1262 ct
1568 1217 1633 1283 que
1655 1215 1733 1271 non,

222 1285 276 1353 111.
329 1289 458 1355 Dicunt
473 1289 625 1374 quod:-

268 1402 474 1468 ronanam
490 1409 541 1470 est
562 1403 705 1471 liberum
720 1404 904 1470 manerium
914 1403 955 1470 de
971 1403 1058 1470 dono
1074 1403 1161 1491 regis
1177 1402 1314 1472 Henrici
1330 1403 1437 1492 patris
1462 1403 1550 1492 regis
1574 1401 1733 1468 Edwardi

224 1492 281 1577 qui
297 1513 385 1559 nunc
408 1499 467 1574 est,
501 1515 568 1560 non
591 1495 785 1580 astragalis
820 1517 879 1561 nec
910 1495 1107 1582 guadebilis,
1130 1516 1232 1581 quam
1266 1494 1364 1560 modo
1400 1499 1493 1560 tenet
1525 1493 1732 1568 Edmundus,

225 1603 334 1647 comes
349 1582 527 1664 Cornubic‚
544 1583 646 1650 habet
660 1584 840 1663 libertates,
855 1585 992 1650 assisam
1004 1585 1100 1670 panis
1115 1592 1149 1650 et
1175 1583 1321 1662 servicia,
1337 1584 1450 1670 polum
1465 1589 1500 1650 et
1514 1583 1686 1661 batallum,
1698 1587 1733 1648 et

226 1672 254 1735 si
280 1673 366 1738 latro
389 1677 507 1759 captus
538 1673 643 1739 fuerit
665 1696 764 1740 manu
790 1695 903 1760 operre
938 1675 1061 1738 ibidem
1085 1673 1312 1760 suspendetur,
1335 1674 1364 1737 si
1387 1678 1504 1760 eaptus
1535 1673 1641 1739 fucrit
1674 1694 1733 1759 per

226 1762 444 1847 suspicionem
460 1764 615 1830 mittetur
630 1771 713 1850 aput
729 1765 912 1841 Somertom
929 1772 963 1829 et
978 1764 1100 1829 ibidem
1118 1786 1178 1850 per
1192 1763 1298 1850 legem
1317 1763 1531 1848 judicabitur.

270 1875 535 1943 ernuuoasn
560 1877 689 1944 Susum
717 1879 874 1944 Maurius
900 1883 951 1944 est
976 1878 1152 1965 gudabilis,
1178 1898 1278 1962 qnam
1306 1877 1472 1943 liebertus
1495 1877 1584 1941 filius
1606 1877 1732 1963 Pagani

224 1971 316 2032 tenet
338 1969 379 2032 in·
406 1970 515 2054 capite
549 1969 684 2034 baronie
717 1970 757 2034 de
793 1969 926 2034 domino
958 1991 1045 2055 rege,
1068 1974 1102 2033 ct
1133 1989 1206 2032 eam
1241 1972 1334 2032 tenet
1356 1967 1454 2033 modo
1484 1965 1667 2032 Nicholaus
1689 1967 1731 2030 de

225 2056 338 2122 Monte
362 2057 462 2123 Forte
485 2059 527 2123 de
549 2059 698 2144 predicto
721 2059 867 2124 Roberto
889 2058 958 2122 filio
983 2058 1107 2145 Pagani
1143 2079 1202 2143 pcr
1224 2057 1400 2124 servicium
1423 2058 1523 2123 unius
1545 2056 1674 2132 militis,
1697 2061 1732 2122 ct

224 2152 319 2222 secie,
343 2169 444 2233 quam
460 2147 560 2213 dehet
582 2149 624 2212 ad
648 2148 860 2213 hundredum
883 2149 1009 2212 domini
1043 2148 1130 2236 regis
1153 2169 1213 2232 per
1236 2153 1304 2212 tres
1329 2147 1540 2234 septimanas,
1567 2152 1602 2212 ct
1629 2146 1732 2212 solvit

225 2235 358 2302 domino
375 2238 445 2324 regi
469 2259 562 2306 11111.
578 2239 621 2303 ad
644 2237 765 2305 festum
783 2238 1028 2305 Purifieacionis
1052 2237 1174 2303 Sancte
1191 2237 1303 2302 Mario.

270 2353 356 2417 Item
394 2353 568 2419 Johannes
606 2353 647 2418 de
671 2353 832 2419 Witefeld
855 2359 948 2418 tenet
986 2353 1053 2417 diro
1084 2351 1183 2416 seoda
1205 2374 1247 2414 m.
1272 2352 1312 2416 dc
1335 2351 1474 2417 baronia
1497 2352 1731 2418 Winterborne

223 2442 337 2508 Sancti
362 2443 510 2519 Martini,
532 2443 696 2521 videlicet,
719 2444 843 2508 Frons
866 2442 1051 2518 Vnumne,
1067 2446 1101 2506 ct
1124 2447 1175 2506 est
1189 2440 1364 2527 gudabilis,
1388 2441 1527 2508 etfacit
1550 2447 1673 2508 1111111
1688 2441 1732 2505 ad

224 2531 435 2598 hundredum
451 2533 538 2619 regis
554 2556 614 2620 per
628 2538 696 2600 tres
712 2535 924 2620 septimanus.

269 2645 394 2710 Frons
409 2647 526 2712 Butes
542 2653 592 2713 est
614 2648 791 2733 gudabilis,
806 2651 840 2712 et
863 2651 997 2712 tenetur
1020 2647 1039 2710 i.
1057 2667 1084 2712 c.
1101 2646 1142 2710 (11
1160 2646 1294 2711 domino
1310 2665 1387 2731 rege
1409 2667 1469 2731 per
1483 2646 1659 2712 servicium
1675 2665 1730 2711 un.

224 2758 266 2800 m.
282 2737 325 2800 ad
349 2743 483 2802 tornum
508 2738 708 2802 vicecomitis
732 2737 833 2822 xijo.
859 2742 894 2803 et
916 2737 959 2801 ad
985 2736 1084 2800 lnidai
1108 2757 1314 2821 perannum
1341 2735 1398 2821 xij.
1425 2735 1457 2802 (1.
1485 2737 1578 2802 etad
1603 2736 1728 2802 festum

225 2827 339 2892 Sancti
378 2827 518 2892 Martini
557 2827 600 2912 vj.
618 2826 648 2891 d.
681 2828 743 2911 [et]
775 2832 870 2904 secte,
902 2847 1001 2912 quam
1033 2825 1132 2890 debet
1162 2826 1206 2890 ad
1232 2825 1443 2891 hundredum
1468 2827 1555 2914 regis
1579 2847 1640 2914 per
1661 2833 1731 2892 tres

225 2917 435 3002 septimanae,
451 2921 486 2983 et
502 2916 598 2983 modo
615 2939 687 2982 cam
704 2922 796 2982 tenet
813 2917 1007 2981 Edmundus
1024 2915 1181 2981 Everard.

271 3030 500 3096 Potnrvsstou
515 3037 566 3098 cst
590 3031 671 3095 villa
685 3030 861 3119 gudabilis,
884 3035 992 3096 otest
1015 3052 1156 3118 parvum
1172 3030 1305 3098 feodum
1328 3032 1525 3110 Mortannie,
1541 3037 1575 3100 et
1599 3038 1733 3101 tenetur

225 3120 281 3185 ir„
306 3121 346 3185 dc
362 3122 497 3187 domino
520 3144 603 3209 rege.
651 3122 813 3187 Dominus
831 3121 1016 3187 Willelmus
1040 3122 1167 3188 Martia
1190 3128 1283 3188 tenet
1306 3145 1378 3187 eam
1394 3124 1436 3187 de
1451 3123 1585 3189 domino
1600 3146 1685 3209 rege,
1698 3131 1733 3190 ct

226 3210 322 3275 inodo
353 3213 507 3277 dominus
532 3212 699 3279 Robertus
732 3211 857 3276 Martin
885 3218 976 3279 tenet
1003 3234 1075 3277 eam
1103 3212 1145 3277 (11
1172 3212 1305 3278 domino
1333 3211 1499 3277 Willelmo
1524 3212 1649 3277 Martin
1674 3235 1733 3299 per

226 3301 401 3367 servicium
418 3307 506 3367 secte
522 3302 696 3379 hundredi,
709 3323 808 3388 quam
825 3300 923 3366 debet
938 3302 980 3366 ad
996 3300 1207 3366 hundredum
1223 3303 1309 3389 regis
1325 3323 1385 3389 per
1400 3307 1468 3367 trcs
1483 3301 1693 3388 septimanus

272 3416 561 3501 Crustumerium,
574 3416 756 3483 Srnurrorv
769 3421 804 3481 et
816 3415 1020 3481 Gurussror
1031 3425 1110 3482 sunt
1120 3417 1370 3503 prebendabiles
1385 3416 1517 3484 ecclesie
1529 3416 1734 3483 Sarrisburie

225 3510 260 3571 ct
275 3528 341 3571 non
356 3513 436 3573 sunt
459 3506 642 3593 gildabiles,
666 3514 700 3573 ct
723 3506 848 3571 habent
870 3506 1050 3583 libertates,
1074 3507 1228 3572 videlicet
1254 3508 1376 3593 polum,
1399 3508 1569 3585 batallum,
1595 3508 1733 3574 assisam

225 3596 320 3682 panis
343 3603 377 3661 et
398 3597 544 3673 servisie,
567 3606 601 3663 et
624 3598 665 3662 de
681 3597 822 3663 clamore
845 3597 955 3661 levato
979 3602 1013 3661 et
1029 3596 1179 3662 elusione
1194 3597 1399 3685 sangguiuis,
1417 3605 1452 3663 et
1478 3598 1519 3662 de
1542 3598 1732 3684 prisonibus

226 3708 442 3771 persianum
466 3708 602 3773 opernm
625 3688 732 3773 captis
758 3686 880 3751 ibidem
898 3685 1150 3773 judicabuntur,
1175 3688 1261 3751 etsi
1287 3687 1464 3772 capiantur
1489 3708 1548 3773 per
1567 3688 1732 3775 judicium

227 3775 335 3861 patrie
351 3776 533 3843 mittantur
548 3783 632 3864 aput
648 3777 824 3843 Somerton
839 3777 882 3841 ad
899 3778 1064 3863 prisonem
1080 3776 1173 3861 regis.

274 3892 491 3955 Bannss‘osn
514 3896 564 3957 est
587 3891 728 3958 liberum
751 3891 935 3956 manerium
959 3896 994 3956 et
1024 3894 1157 3955 tenetur
1180 3889 1216 3954 in
1238 3890 1347 3977 capite
1370 3891 1411 3956 (11
1434 3891 1568 3957 domiuo
1590 3914 1675 3978 rege,
1698 3897 1733 3959 et

226 3979 369 4045 Thomas
386 3980 519 4047 Pevcrel
538 3982 635 4047 modo
651 3987 744 4047 tenet
769 4004 841 4047 eam
865 3982 906 4046 de
929 3981 1063 4046 domino
1078 4002 1162 4066 rege,
1185 3985 1219 4045 et
1242 3980 1343 4045 habet
1365 3980 1546 4061 libertates,
1562 3982 1674 4068 polum
1699 3988 1734 4048 et
1779 3962 1799 4000 ⁸

227 4068 396 4173 botellum,
413 4072 551 4137 assisam
566 4073 663 4159 panis
678 4077 713 4138 et
734 4072 879 4148 cervisie,
896 4077 930 4136 et
945 4071 986 4135 dc
1002 4072 1129 4135 latrone
1144 4077 1242 4157 capto
1257 4091 1332 4135 cum
1358 4092 1460 4136 manu
1484 4092 1582 4157 opere
1607 4071 1733 4137 ibidem

221 4159 439 4245 judicabitur,
455 4162 510 4227 dre.
528 4166 562 4227 et
589 4166 724 4229 tenetur
739 4184 799 4249 per
814 4161 992 4228 servicium
1008 4182 1062 4227 un.
1078 4183 1123 4225 m.
1141 4159 1183 4224 ad
1195 4160 1395 4227 excercitum
1420 4161 1546 4226 domini
1562 4162 1657 4248 regis,
1673 4184 1733 4248 pcr

225 4254 352 4314 1111111
368 4251 454 4336 regis
470 4251 613 4318 Ricardi.

272 4360 525 4441 BocHnMToNs,
557 4366 637 4431 villa
661 4364 848 4452 guldabilis,
879 4370 914 4431 et
944 4364 1043 4431 debet
1072 4371 1196 4430 sectam
1226 4362 1269 4427 ad
1301 4363 1427 4428 dictum
1459 4364 1679 4441 hundredum,
1698 4371 1733 4430 ct

227 4457 364 4519 tenetur
385 4455 405 4519 i.
422 4476 447 4520 c.
464 4455 505 4519 (11
523 4476 609 4541 rege,
624 4461 717 4521 tenet
739 4478 812 4521 eam
828 4456 930 4521 abbas
946 4457 987 4520 (11
1004 4454 1100 4519 Wast
1116 4456 1157 4518 do
1172 4475 1257 4537 rege,
1273 4457 1305 4517 et
1329 4453 1439 4518 Adam
1455 4453 1496 4517 de
1512 4453 1668 4518 Stratton
1691 4454 1732 4518 de

227 4542 316 4609 dioto
333 4543 462 4620 abbate,
479 4565 538 4630 per
553 4546 730 4611 servicium
740 4552 827 4613 secte
845 4544 1009 4611 hundredi
1029 4544 1127 4629 regis,
1136 4563 1236 4628 quam
1252 4541 1353 4607 debet
1367 4563 1428 4629 per
1436 4547 1505 4607 tres
1520 4543 1733 4629 septimanas,

228 4636 262 4696 ct
286 4632 328 4696 ed
351 4638 487 4698 tornum
510 4635 711 4701 vicecomitis
727 4657 925 4722 perannum
951 4632 1051 4719 xijo,
1076 4630 1308 4719 ctadlayday
1330 4652 1538 4719 perannum
1560 4631 1621 4719 xij.
1639 4632 1673 4699 d.
1699 4642 1735 4701 et

227 4722 271 4787 ad
294 4721 416 4787 festum
440 4723 811 4810 sanctimoniae.

277 4836 492 4903 Krrvsusron
509 4836 656 4905 01111111
673 4846 809 4905 tenetur
824 4862 885 4927 pro
900 4838 943 4904 di.
959 4838 982 4905 f.
998 4861 1040 4903 m.
1065 4859 1164 4924 quam
1187 4839 1360 4906 cometissa
1383 4840 1425 4906 dc
1441 4840 1556 4907 Insula
1578 4846 1671 4908 tenet
1694 4842 1735 4907 de

229 4927 362 4993 domino
373 4949 460 5013 rege,
477 4933 511 4994 et
522 4950 594 4993 eam
606 4928 1469 4995 111111111111111111101111111111111111111111
1483 4952 1544 5019 per
1558 4932 1735 4998 servicium

227 5022 314 5083 secte
337 5018 503 5083 hundredi
526 5020 622 5105 regis,
637 5041 738 5105 quam
761 5020 860 5085 debet
891 5023 1041 5105 perires
1075 5020 1285 5105 septimanas,
1311 5024 1345 5084 ct
1382 5020 1484 5086 solvit
1519 5021 1563 5085 ad
1600 5027 1735 5087 tornum

227 5108 476 5262 §cccomitisdu
492 5107 524 5175 cl.
541 5131 750 5195 perannum,
765 5116 799 5175 et
815 5109 857 5174 ad
871 5109 984 5194 laidny
997 5128 1055 5194 per
1070 5129 1195 5173 annum
1210 5108 1254 5172 ix.
1265 5105 1296 5174 d.
1313 5108 1364 5176 ob.
1375 5114 1409 5175 ct
1423 5110 1466 5175 ad
1479 5109 1603 5177 festum
1619 5110 1735 5177 Sancti

263 5197 365 5264 artini
381 5196 414 5283 ij.
456 5199 529 5263 .ob.

273 5312 430 5398 Fltotr[s]
447 5312 726 5391 Bouuvlmsrorl,
739 5312 820 5378 villa
831 5311 1115 5401 gudabilis,'qnam
1127 5315 1220 5378 tenet
1230 5308 1327 5376 modo
1338 5310 1361 5377 J
1363 5312 1509 5380 ohannes
1518 5313 1559 5381 (11
1570 5315 1737 5403 Wytefeld

231 5404 364 5469 nomine
396 5403 546 5470 custodie
577 5426 636 5490 per
667 5404 820 5473 heredem
843 5402 1008 5467 iohannis
1036 5402 1190 5480 Quintia,
1219 5407 1254 5466 et
1284 5402 1356 5487 ipse
1386 5404 1481 5469 heres
1497 5404 1537 5468 de
1560 5405 1737 5470 heredibus

230 5492 396 5560 Johannis
419 5492 461 5557 de
485 5493 577 5559 Bello
601 5492 735 5583 Campo,
759 5498 793 5559 et
808 5516 866 5580 per
888 5491 1064 5559 servicium
1079 5496 1166 5559 secte
1181 5491 1224 5557 ad
1247 5490 1458 5557 hundredum
1485 5493 1572 5577 regis
1596 5514 1655 5579 per
1669 5496 1737 5557 tres

332 5608 355 5658 11
390 5611 483 5658 astla.
1583 5622 1605 5669 1
