4117 6200
952 582 1101 649 ESSEX.

746 877 966 943 Huuuauuuu
990 897 1033 942 nn
1058 875 1318 942 LEXENDEN.

323 1018 469 1082 Ecclesia
484 1017 524 1081 de
539 1018 697 1096 Daorseis,
714 1037 789 1081 cum
805 1016 932 1097 vicaria,
948 1020 1080 1080 taxatur
1094 1016 1135 1080 ab
1149 1016 1285 1100 antiquo
1300 1015 1378 1099 xxij.
1397 1035 1532 1080 marcas.
1580 1015 1780 1097 Subsidium,

283 1106 368 1169 xxix.
384 1125 410 1168 s.
425 1104 486 1190 iiij.
503 1105 534 1170 d.

325 1247 468 1311 Ecclesia
482 1246 522 1310 de
538 1245 702 1311 Leucusu
717 1248 846 1309 texatur
861 1245 902 1309 ab
915 1246 1049 1329 antiqno
1062 1245 1126 1329 xvj.
1138 1264 1270 1309 marces.
1316 1244 1514 1325 Subsidium,
1529 1245 1595 1330 xxj.
1606 1266 1634 1310 s.
1649 1246 1711 1331 iiij.
1725 1242 1758 1312 cl.

326 1387 471 1451 Ecclesia
484 1386 525 1449 de
540 1385 715 1451 Boxsnuun
730 1389 859 1448 taxatur
873 1383 914 1448 ab
928 1384 1065 1465 antiquo
1079 1384 1122 1467 xj.
1135 1406 1267 1450 marcas.
1313 1384 1514 1463 Subsidium,
1529 1386 1611 1485 xiiij.
1622 1407 1648 1451 s.
1666 1386 1735 1470 viij.
1746 1386 1780 1451 d.

326 1526 371 1590 Et
393 1530 565 1589 onerantur
590 1543 685 1607 super
707 1528 892 1607 compotum
917 1522 958 1587 de
983 1522 1031 1607 iij.
1054 1542 1082 1587 s.
1096 1521 1160 1608 iiij.
1176 1520 1209 1587 d.
1226 1524 1265 1587 de
1280 1516 1483 1607 porcionibus
1499 1524 1611 1607 xxxiij.
1628 1545 1653 1588 a.
1670 1524 1733 1609 iiij.
1748 1525 1781 1590 d.

283 1634 363 1698 quas
376 1612 473 1677 abbas
487 1612 528 1675 de
538 1609 729 1690 Colchestre,
740 1614 773 1674 et
789 1610 875 1695 prior
890 1609 1002 1675 Sancti
1017 1609 1182 1695 Botolpbi,
1194 1609 1389 1688 colchatre,
1398 1612 1580 1695 separation
1596 1614 1781 1697 percipiunt

283 1705 319 1767 in
335 1700 448 1766 eadem
461 1700 606 1779 ecclesia,
616 1697 712 1782 juxta
728 1697 864 1763 formam
879 1698 1101 1763 concessionis.

307 1837 535 1991 .E⁰⁰¹.⁰.⁸.i³d‘¹⁰
557 1839 665 1904 Psars
687 1837 916 1903 Hoaxususou
941 1840 1071 1901 taxatur
1094 1835 1136 1901 ab
1161 1838 1298 1921 antiquo
1324 1839 1379 1926 vij.
1403 1858 1535 1903 marcas.
1580 1837 1781 1916 Subsidium,

284 1950 327 2011 vr.
341 1948 366 1991 s.
383 1946 452 2010 vnj.
489 1972 497 1990 .

309 2064 471 2215 “Ecpilesia
493 2065 534 2127 de
559 2063 768 2129 Buawnouuu
793 2065 926 2125 taxatur
947 2060 989 2126 ab
1011 2017 1145 2145 antiquo
1175 2061 1220 2146 xj.
1243 2081 1376 2127 marcas.
1434 2062 1632 2147 Subsidium,
1658 2064 1740 2150 xiiij.
1755 2084 1781 2131 s.

286 2175 357 2238 unp.
399 2198 408 2217 .

329 2288 471 2353 Ecclesia
484 2286 525 2350 de
540 2286 697 2353 Eenuoae
711 2290 842 2377 taxatur
855 2286 896 2352 ab
910 2288 1047 2369 antiqno
1061 2286 1130 2373 viij.
1146 2306 1278 2353 marcas.
1325 2286 1523 2377 Subsidium,
1539 2288 1582 2373 vj.
1593 2308 1620 2355 e.
1644 2290 1713 2374 viij.
1727 2288 1760 2354 d.

328 2428 374 2493 Et
397 2431 572 2492 onerantur
595 2446 692 2510 super
713 2430 900 2510 compotum
922 2427 964 2491 de
989 2425 1054 2512 xvj.
1070 2424 1103 2492 d.
1127 2428 1168 2492 de
1193 2426 1333 2511 quadam
1351 2428 1508 2511 poncione
1529 2429 1599 2514 xiij.
1614 2450 1641 2497 e.
1668 2429 1729 2513 iiij
1746 2428 1780 2495 d.

284 2514 538 2689 pffiprppptsele
553 2512 661 2629 leves
676 2516 816 2599 percipit
830 2517 866 2579 iu
880 2513 993 2579 eadem
1017 2514 1162 2595 ecclesia,
1177 2515 1325 2580 videlicit
1343 2516 1441 2599 juxta
1466 2516 1602 2701 iormpm
1626 2518 1783 2582 concessi-

289 2740 476 2892 mEetplesia
490 2739 531 2804 de
547 2739 668 2804 Messe
682 2740 813 2806 Barcen
828 2742 959 2804 taxatur
973 2738 1014 2805 ab
1029 2741 1164 2824 antiquo
1190 2739 1253 2826 xvj.
1270 2760 1404 2805 marcae.
1453 2741 1657 2821 Subsidium,
1679 2742 1741 2826 xxj.
1755 2761 1782 2805 e.

287 2851 350 2915 mJ.
393 2877 402 2894 .

329 2965 458 3031 Vioaria
470 2962 615 3050 ejusdem
628 2966 760 3028 taxatur
773 2963 814 3029 ab
828 2966 962 3049 antiquo
977 2965 1046 3050 viij.
1063 2985 1198 3031 marcas.
1247 2966 1445 3045 Subsidium,
1459 2987 1490 3033 x.
1504 2986 1530 3033 s.
1547 2967 1617 3051 viij.
1631 2965 1664 3033 d.

332 3104 477 3168 Ecclesia
491 3101 532 3167 de
547 3102 707 3169 Maseruo
720 3106 849 3168 texatur
862 3102 904 3167 ab
917 3104 1055 3187 antiquo
1070 3125 1101 3168 x.
1111 3123 1245 3169 marcas.
1293 3103 1493 3184 Subsidium,
1508 3103 1577 3189 xiij.
1590 3123 1617 3170 e.
1633 3105 1695 3190 iiij.
1706 3104 1740 3171 d.

330 3242 377 3308 Et
391 3244 564 3307 onerantur
578 3261 674 3325 super
688 3244 875 3323 compotum
889 3241 930 3306 de
945 3241 989 3324 xj.
1006 3238 1040 3305 d.
1057 3240 1098 3304 de
1113 3241 1252 3324 quadam
1267 3244 1417 3325 porcione
1431 3245 1475 3309 ix.
1487 3262 1514 3309 s.
1531 3263 1631 3326 quam
1647 3246 1733 3327 prior
1747 3242 1786 3308 de

290 3333 483 3416 Stanesgate
498 3329 637 3414 percipit
650 3331 685 3392 in
697 3328 809 3392 eadem
824 3329 969 3408 ecclesia,
980 3326 1127 3392 videlicit
1135 3329 1232 3413 juxta
1242 3329 1378 3394 formem
1390 3332 1600 3396 concessionis
1610 3333 1763 3415 predicte.

332 3468 471 3534 Ecclesia
487 3467 528 3530 de
543 3467 722 3533 Irswoarua
738 3471 865 3531 taxatur
880 3467 922 3532 ab
936 3467 1071 3550 antiquo
1085 3468 1129 3532 ix.
1145 3487 1278 3534 marcas.
1327 3468 1528 3551 Subsidium,
1543 3468 1585 3554 vj.
1598 3489 1624 3535 s.
1641 3469 1710 3555 viij.
1725 3471 1755 3535 d.

333 3603 476 3668 Ecclesia
489 3601 530 3666 de
544 3603 686 3669 Aunesis
702 3605 831 3666 texetur
845 3601 887 3666 ab
901 3603 1035 3686 antiquo
1050 3601 1108 3686 xij.
1125 3621 1258 3668 marcas.
1306 3603 1494 3670 Subsidium
1508 3603 1573 3689 xvj.
1584 3624 1610 3670 s.

332 3739 476 3805 Ecclesia
490 3738 529 3804 de
545 3739 635 3804 Tusa
650 3761 691 3804 nu
708 3740 824 3806 Unuos
838 3742 968 3804 taxatur
981 3738 1022 3803 ab
1036 3740 1170 3823 antiquo
1184 3759 1212 3804 c.
1229 3758 1256 3804 s.
1305 3740 1503 3820 Subsidium,
1517 3741 1561 3826 vj.
1574 3763 1600 3810 s.
1618 3743 1686 3828 viij.
1700 3743 1733 3810 d.

331 3879 381 3943 De
394 3877 504 3962 uliquo
517 3876 661 3941 subsidio
675 3875 718 3960 vj.
731 3894 758 3940 s.
776 3876 843 3961 viij.
855 3875 888 3942 d.
905 3897 967 3960 que
982 3884 1148 3962 preseutor
1160 3876 1439 3943 westmonasterii
1455 3879 1490 3943 in
1505 3882 1574 3947 Tus
1590 3886 1624 3946 et
1641 3882 1786 3950 Suessae

290 3967 428 4053 percipit
451 3967 487 4030 in
510 3962 623 4029 eadem
648 3964 779 4028 ecclesia
801 3984 867 4028 non
881 3964 1087 4048 respondent,
1100 3984 1140 4028 eo
1154 3965 1240 4050 quod
1255 3967 1382 4030 taxacio
1396 3967 1529 4032 ecclesie
1542 3969 1698 4053 predicte,
1712 3990 1787 4034 cum

289 4057 378 4120 dicta
392 4072 519 4119 summa
533 4053 576 4117 vi.
589 4071 616 4116 e.
633 4051 703 4134 viij.
715 4049 763 4131 d,
778 4070 842 4114 uon
856 4051 1003 4116 extendit
1018 4051 1060 4116 ad
1075 4072 1236 4117 summam
1250 4075 1281 4118 x.
1298 4073 1489 4120 marcarum.

315 4192 479 4345 ...Ecplesia
493 4201 536 4256 de
559 4191 778 4259 Ooooasueau
800 4195 930 4256 taxatur
951 4191 992 4256 ab
1016 4192 1152 4275 antiquo
1179 4214 1229 4257 xx.
1256 4211 1388 4258 marcus.
1437 4191 1636 4275 Subsidium,
1659 4193 1742 4279 xxvj.
1759 4215 1785 4259 e.

293 4303 361 4367 an.
399 4330 406 4348 .

334 4419 464 4484 Vicaria
478 4417 624 4503 ejusdem
638 4421 770 4482 taxatur
783 4417 825 4482 ab
838 4419 973 4501 antiquo
987 4440 1019 4484 x.
1037 4437 1170 4483 murcos.
1219 4418 1420 4498 Subsidium,
1433 4419 1503 4504 xiij.
1517 4439 1543 4486 s.
1559 4419 1620 4505 iiij.
1634 4418 1668 4486 d.
1750 4385 1754 4392 ι

333 4556 479 4622 Ecclesia
492 4557 534 4621 de
550 4557 688 4623 Februo
702 4558 832 4621 taxatur
846 4556 888 4621 ab
903 4556 1037 4640 antiquo
1053 4578 1124 4624 xxv.
1137 4577 1269 4624 mercae.
1304 4558 1502 4636 Subsidium,
1514 4559 1623 4643 xxxiij.
1635 4579 1662 4626 s.
1678 4559 1741 4644 iiij.
1752 4557 1785 4624 d.

335 4693 480 4794 Ecclesia
504 4692 545 4756 de
571 4693 683 4759 Ocnus
709 4692 944 4758 Mouscuouuu
969 4695 1098 4756 taxatur
1121 4677 1162 4756 ab
1182 4695 1316 4778 antiquo
1339 4688 1395 4778 xij.
1411 4715 1543 4760 marcas.
1591 4695 1789 4776 Subsidium,

292 4801 357 4864 xvj.
374 4802 400 4846 e.

336 4917 483 5020 Ecclesia
507 4917 869 4986 deW1uusuuousoau
896 4921 1026 4982 taxatur
1051 4918 1092 4981 ab
1117 4920 1252 5003 antiqno
1277 4919 1368 5005 xviij.
1395 4940 1527 4989 marcas.
1590 4921 1790 5002 Subsidium,

292 5025 395 5091 xmp.
412 5026 438 5071 s.

294 5143 478 5296 Ἠ,Εοάοἰεείει
492 5142 533 5208 de
549 5145 661 5213 come
676 5145 816 5212 Euenus
831 5149 961 5211 taxatm
971 5146 1016 5212 ab
1041 5149 1176 5235 antiquo
1196 5149 1265 5234 xiij.
1281 5170 1414 5214 marcas.
1459 5151 1657 5230 Subsidium,
1671 5151 1748 5237 xvij.
1763 5171 1790 5215 e.

291 5253 353 5317 up.
393 5279 403 5298 .

336 5369 381 5432 Et
396 5372 570 5433 onerantur
584 5390 678 5453 super
692 5374 878 5455 compotum
904 5373 942 5436 de
957 5372 1019 5457 iiij.
1035 5392 1062 5436 a.
1078 5373 1118 5436 de
1132 5373 1271 5457 quadam
1294 5375 1445 5460 porcione
1470 5377 1513 5440 xl.
1527 5396 1556 5444 s.
1583 5397 1681 5462 quem
1706 5377 1793 5460 prior

292 5454 413 5522 Sancte
427 5456 518 5522 Fidis
533 5457 574 5522 de
588 5457 747 5524 Horshnm
762 5460 904 5546 percipit
918 5463 953 5526 in
967 5463 1082 5524 eudem
1096 5461 1240 5543 ecclesia,
1256 5462 1407 5527 videlicet
1415 5465 1514 5550 juxta
1528 5465 1676 5546 formam,
1690 5465 1738 5530 &c
