4117 6200
828 1198 1257 1309 hlscrrstrt.

832 1490 929 1562 Am.
973 1488 1249 1561 1204-1285.

336 1916 449 1981 Rotuli
474 1914 639 1979 feodorum
663 1934 724 1997 que
750 1917 905 1976 tenentur
930 1914 971 1976 de
996 1933 1073 1998 rege
1099 1914 1122 1976 i.
1147 1934 1175 1977 c.
1201 1916 1235 1977 et
1259 1913 1299 1976 ds
1325 1913 1398 1977 aliis
1419 1915 1552 1978 diversis
1575 1913 1610 1977 iu
1626 1915 1785 1977 comitatu

292 2003 506 2080 Gloucestrie,
517 2002 692 2066 secuudum
707 2001 936 2084 inquisiciones
950 1999 1027 2063 iude
1041 2001 1143 2065 factas
1157 2020 1263 2065 coram
1278 2000 1417 2065 Ricardo
1431 2001 1553 2065 Rovell
1567 2006 1601 2065 el
1616 2002 1710 2065 sociis
1720 2002 1787 2065 suis
1890 2014 1894 2019 '

291 2093 333 2156 sd
347 2091 409 2157 hoc
423 2090 596 2176 assignatis
612 2108 669 2173 per
684 2090 792 2171 ipsum
807 2108 929 2171 regem.

554 2304 775 2370 Huuuauuuu
797 2322 841 2368 nu
862 2300 1106 2369 BURNETRE
1132 2300 1272 2370 JUXTA
1294 2301 1525 2371 BRISTOLL.

336 2470 498 2536 Johaunes
523 2466 658 2551 Gyffard
680 2466 786 2544 miles,
799 2472 891 2531 tenet
914 2467 949 2529 iu
964 2466 1041 2531 villa
1056 2466 1097 2530 de
1115 2466 1222 2535 Sroxu
1238 2467 1396 2535 Gvrvlrru
1411 2488 1467 2534 un.
1482 2466 1505 2531 f.
1522 2488 1567 2532 m.
1583 2467 1624 2531 de
1639 2468 1787 2551 episcopo

292 2557 520 2645 wigorniensi,
533 2562 567 2619 et
581 2557 750 2639 episcopus
765 2555 806 2618 de
820 2574 910 2639 rege.

335 2693 495 2760 Radulius
518 2693 559 2757 de
578 2692 735 2754 Wilinicu
759 2695 851 2755 tenet
875 2690 911 2754 iu
936 2691 1014 2754 villa
1045 2688 1118 2778 [de]
1150 2693 1244 2759 Rsnu
1266 2688 1391 2779 [Ylus]
1414 2694 1460 2760 di.
1476 2692 1499 2756 f.
1515 2712 1560 2757 m.
1577 2692 1618 2757 de
1643 2692 1788 2777 predicte

292 2784 450 2869 episcopo,
467 2788 502 2846 el
515 2781 684 2864 episcopus
698 2779 738 2842 de
753 2798 839 2864 rege,
854 2784 1012 2862 utsupra.

336 2922 480 3006 Rogatus
501 2913 692 3006 [Robertus]
714 2914 830 2980 Corbst
853 2922 945 2981 tenet
971 2917 1004 2978 iu
1022 2916 1101 2979 villa
1114 2917 1155 2980 de
1178 2916 1344 2985 Jomuuou
1371 2919 1496 2997 (metius
1512 2918 1684 2997 Icumrou)
1702 2918 1746 2983 di.
1763 2916 1786 2981 f.
1881 2983 1882 2986 ,

292 3031 336 3074 ιιι.
352 3009 393 3073 de
403 3008 522 3073 comite
534 3004 734 3081 Herefordie‚
743 3009 778 3068 et
792 3024 900 3067 comes
910 3005 950 3068 de
961 3004 1108 3087 predicto
1123 3005 1283 3089 episcopo,
1298 3007 1468 3090 episcopus
1481 3004 1523 3069 de
1537 3026 1622 3089 rege,
1631 3012 1669 3069 ut
1684 3024 1787 3087 supra.

337 3148 477 3215 Jacobus
492 3143 608 3210 Russel
623 3148 717 3209 tenet
732 3144 842 3207 villam
865 3140 1024 3231 [invilla]
1045 3145 1084 3208 de
1099 3144 1214 3212 Hsusr
1229 3145 1274 3210 di.
1290 3145 1313 3210 f.
1330 3167 1373 3208 m.
1389 3146 1430 3209 de
1457 3146 1601 3229 predicto
1627 3145 1785 3229 episcopo,

292 3245 328 3303 ei
343 3239 430 3302 idem
443 3236 609 3320 episeopus
625 3233 767 3317 detege.

335 3376 518 3458 Margareta
532 3372 572 3435 de
586 3368 716 3435 Gaucolr
737 3365 894 3455 [Oantck]
915 3372 1010 3433 tenet
1024 3389 1079 3433 un.
1095 3369 1119 3436 f.
1136 3371 1171 3433 iu
1186 3371 1299 3434 eadem
1314 3369 1393 3434 villa
1406 3371 1446 3434 de
1459 3369 1606 3454 predicto
1629 3371 1788 3453 episcopo,

294 3469 328 3530 et
343 3465 512 3547 episcopus
526 3459 567 3521 de
582 3477 669 3542 rege.
1742 3509 1744 3516 ,

337 3600 499 3664 Walterus
512 3593 640 3660 Cancok
660 3590 820 3680 [cantor]
839 3596 929 3658 tenet
944 3593 989 3659 di.
1007 3593 1031 3666 f.
1041 3593 1077 3657 in
1092 3595 1235 3664 Wusrou
1254 3594 1371 3664 Suucrr
1387 3595 1572 3662 Lsusuuru
1587 3595 1628 3658 de
1643 3593 1787 3678 predicto

293 3691 454 3776 episcopo,
467 3689 502 3748 et
517 3683 684 3767 episcopus
698 3681 738 3744 de
752 3701 839 3765 rege.

335 3823 518 3889 willelmus
558 3820 599 3884 de
635 3817 741 3902 Weyu
784 3814 897 3905 [Wey]
939 3823 1031 3882 tenet
1067 3819 1148 3882 duas
1173 3820 1274 3901 hydas
1316 3823 1397 3884 terre
1424 3821 1459 3883 iu
1490 3820 1633 3889 Wusrorv
1668 3818 1786 3888 Smetri

293 3916 480 3985 Lucanum
495 3909 534 3973 de
549 3907 695 3992 predicto
717 3902 834 3994 [dicto]
856 3905 1016 3989 episcopo,
1029 3909 1064 3970 et
1078 3907 1244 3990 episcopus
1259 3907 1297 3971 de
1311 3927 1395 3990 rege.

336 4052 524 4116 Willelmus
547 4047 588 4111 de
612 4044 643 4108 la
668 4045 762 4129 Haye
788 4048 879 4108 tenet
904 4044 939 4106 in
963 4044 1135 4110 Hsusuruv
1161 4045 1203 4108 de
1232 4045 1379 4128 predicto
1401 4045 1551 4130 episcopo
1579 4047 1661 4110 duas
1685 4043 1786 4129 hydas

294 4149 389 4221 terre,
404 4146 439 4204 et
454 4138 622 4221 episcopus
636 4133 676 4196 de
690 4152 775 4216 rege.

336 4278 543 4360 Hildeburga
557 4273 598 4337 de
616 4267 818 4357 Wesibur[i]
840 4274 931 4333 tenet
946 4289 1046 4332 uuam
1060 4267 1171 4333 hidam
1195 4274 1279 4335 terre
1303 4291 1361 4354 per
1383 4272 1555 4336 servicium
1579 4271 1722 4335 militare
1745 4269 1786 4333 de

293 4370 439 4456 predicto
455 4366 614 4449 episcopo,
631 4364 664 4423 et
679 4359 847 4442 episcopus
861 4357 902 4420 de
917 4377 1002 4442 rege.

336 4506 497 4572 Roberius
521 4499 658 4581 Coueley
680 4491 843 4583 [Gouiley]
864 4498 957 4559 tenet
982 4515 1081 4558 uuam
1106 4485 1224 4558 hidam'
1241 4499 1327 4558 terre
1352 4499 1386 4559 et
1401 4497 1446 4560 di.
1468 4494 1582 4584 [uuam
1597 4492 1724 4582 hidam]
1745 4495 1785 4558 de

293 4596 437 4681 predicto
452 4589 611 4674 episcopo,
626 4590 661 4648 eh
675 4584 840 4667 episcopus
854 4582 894 4646 de
907 4602 995 4667 rege.

337 4730 519 4795 Willelmus
544 4722 694 4788 Msuusel
717 4725 810 4785 teueh
832 4741 930 4785 uuam
958 4717 1071 4783 hidam
1096 4723 1182 4784 terre
1197 4721 1231 4782 in
1247 4721 1465 4788 Yruunuuouu
1487 4717 1710 4807 [Issusuouu]
1732 4739 1786 4804 per

295 4819 467 4888 servicium
482 4813 625 4877 militare
640 4809 679 4873 de
695 4809 858 4892 episcopo,
872 4812 905 4871 et
920 4808 1090 4890 episcopus
1104 4806 1145 4869 de
1160 4827 1243 4892 rege.
1284 4857 1287 4862 .

339 4955 511 5023 Anselmus
525 4952 565 5015 de
580 4947 715 5031 Gumay
730 4950 823 5009 tenet
837 4965 937 5008 uuam
951 4943 1064 5008 hidam
1078 4949 1164 5008 terre
1179 4944 1215 5007 iu
1241 4946 1402 5012 Hlurrcu
1426 4967 1482 5030 per
1507 4945 1593 5010 idem
1616 4945 1785 5010 servicium

295 5053 334 5116 de
349 5043 496 5132 predicto
510 5038 669 5121 episcopo,
686 5042 721 5098 et
735 5033 902 5115 episcopus
916 5031 956 5095 de
970 5051 1055 5116 rege.

338 5179 522 5246 Willelmus
537 5174 661 5258 Savage
674 5176 709 5234 et
723 5170 867 5255 Rogerus
881 5169 913 5233 le
927 5167 1063 5232 Buteler
1088 5165 1247 5257 [Boteler]
1268 5175 1387 5235 teuent
1400 5191 1500 5236 unam
1515 5168 1627 5235 hidam
1644 5173 1727 5234 terre
1751 5170 1786 5233 in

295 5274 458 5343 Hfflpuou
473 5285 529 5350 per
542 5263 632 5326 idem
645 5259 817 5324 servicium
831 5258 872 5321 de
887 5258 1046 5342 episcopo,
1061 5263 1097 5322 eh
1109 5257 1276 5342 episcopus
1291 5259 1330 5323 de
1344 5279 1429 5344 rege.

339 5405 528 5476 Florencius
541 5398 701 5482 Humfrey
723 5394 912 5484 [Humirex]
933 5401 1028 5461 tenet
1053 5416 1151 5459 uuam
1167 5396 1325 5482 virgatam
1349 5403 1434 5462 terre
1460 5400 1496 5460 in
1523 5396 1609 5464 Suos
1631 5395 1786 5464 Errsccvr

296 5523 353 5588 per
365 5498 455 5564 idem
469 5489 638 5556 servicium
653 5486 694 5550 de
709 5484 853 5569 predicto
874 5480 993 5570 [dicto]
1015 5483 1176 5567 episcopo,
1190 5491 1225 5548 et
1239 5484 1407 5568 episcopus
1421 5484 1462 5548 de
1478 5505 1563 5570 rege.
