4117 6200
296 554 362 619 106
958 556 1150 628 DORSET.

338 765 447 834 Iidem
474 766 680 836 Humfredus
707 775 742 837 et
766 772 933 839 Robertus
957 778 1075 839 tenent
1101 771 1234 839 diversa
1261 772 1329 839 alie
1354 776 1463 839 terras
1489 777 1524 840 et
1549 777 1741 843 tenementa
1764 776 1801 841 in

292 858 407 923 eadem
423 858 512 938 ville,
527 882 585 947 per
600 861 777 929 servicium
794 868 913 950 quarte
929 864 1037 951 partis
1053 884 1108 930 un.
1125 862 1150 931 f.
1166 886 1208 929 m.

333 971 478 1039 Domine
507 974 614 1042 Alicia
655 976 791 1063 Gheyne
833 979 874 1045 de
905 977 1013 1057 Hoke,
1044 980 1080 1043 in
1111 978 1273 1045 comitatu
1310 978 1459 1055 Dorsete,
1496 979 1657 1065 wydewe,
1697 985 1791 1048 tenet

288 1064 470 1129 manerium
488 1065 528 1131 de
543 1066 692 1144 Lmou,
708 1068 744 1133 in
760 1069 874 1135 ecdem
890 1068 1074 1145 hundredo,
1090 1089 1150 1155 per
1164 1068 1341 1135 servicium
1356 1072 1476 1155 quarte
1493 1070 1597 1155 partis
1612 1070 1702 1137 maf.
1719 1093 1761 1137 m.

332 1177 503 1245 Johannes
526 1181 610 1246 Beef
635 1182 676 1247 de
704 1182 843 1270 Meryet,
870 1184 906 1247 in
936 1184 1097 1249 comitatu
1126 1182 1321 1262 Semersete,
1344 1184 1538 1269 gentilman,
1566 1188 1600 1251 et
1626 1187 1795 1271 predictus

287 1267 458 1335 iohannes
474 1267 658 1348 Cheverell,
672 1272 797 1339 feoffati
822 1273 977 1340 Mauricii
1004 1272 1146 1349 Russeil,
1162 1274 1319 1352 chivaler‚
1336 1279 1452 1339 tenent
1478 1274 1610 1340 diversa
1636 1285 1742 1341 terras
1759 1281 1794 1343 et

288 1361 479 1425 tenementa
492 1360 528 1425 in
544 1361 685 1426 LYTTON
700 1362 858 1449 predicte,
873 1384 933 1449 per
948 1364 1126 1429 servicium
1142 1369 1260 1449 quarte
1276 1363 1451 1449 pertisum
1472 1364 1498 1430 f.
1516 1386 1559 1429 m.

334 1473 506 1540 Predictus
521 1474 702 1554 iohannes,
714 1476 867 1543 dominus
883 1478 923 1543 de
939 1476 1112 1554 Arundell,
1129 1482 1222 1543 tenet
1236 1478 1422 1543 manerium
1438 1478 1480 1544 de
1495 1478 1744 1559 Petemout,
1757 1481 1794 1546 in

288 1564 402 1630 eodem
418 1565 599 1644 hundred0,
614 1588 674 1652 per
689 1568 866 1633 servicium
881 1572 1002 1653 quarte
1020 1568 1126 1653 partis
1142 1589 1197 1633 un.
1216 1566 1239 1631 f.
1256 1590 1298 1631 m.

333 1679 529 1766 Margareta,
546 1701 652 1765 nuper
666 1702 752 1746 uxor
768 1681 923 1768 Morgani
941 1680 1027 1747 Guof
1042 1682 1083 1747 de
1108 1681 1266 1767 Berwyk,
1281 1682 1317 1745 in
1333 1682 1447 1747 eodem
1464 1682 1626 1747 comitatu
1641 1682 1792 1765 Domata,

287 1769 563 1947 {ffiggvghtgnclto
575 1771 761 1836 manerium
788 1771 829 1838 de
855 1770 988 1848 Swrau,
1003 1773 1041 1836 in
1057 1771 1171 1837 eodem
1195 1769 1377 1850 hundred0,
1392 1794 1452 1857 per
1466 1772 1645 1839 servicium
1674 1780 1793 1860 quarte

334 2028 421 2095 Item
437 2028 579 2095 ulterius
595 2027 711 2094 dicunt
724 2029 865 2116 predicti
877 2028 1057 2116 juratores,
1073 2032 1160 2117 qued
1173 2056 1226 2097 :-

880 2279 1197 2351 SHIRBOURNE.

265 2418 280 2427 .
332 2450 502 2519 Predictue
527 2452 725 2539 Redulphus
751 2450 861 2517 Bussh
887 2453 982 2517 tenet
1006 2447 1191 2513 manerium
1219 2447 1262 2512 de
1292 2448 1543 2530 Bracarum,
1573 2452 1610 2521 in
1639 2453 1789 2540 predicto

286 2541 460 2609 hundredo
474 2544 516 2609 de
532 2542 703 2620 Shirbcrn,
718 2562 779 2629 per
793 2539 971 2607 servicium
986 2538 1176 2604 medietatis
1192 2559 1246 2603 un.
1263 2537 1288 2603 f.
1305 2560 1348 2603 m.

331 2656 442 2723 David
458 2657 675 2745 Servyngton
698 2656 739 2721 de
763 2654 911 2719 Britfcrd
937 2654 974 2718 in
1000 2653 1163 2719 comitatu
1178 2652 1308 2731 Wiltes‚
1324 2654 1480 2741 armiger,
1497 2661 1590 2722 tenet
1604 2658 1790 2723 manerium

287 2746 329 2812 de
345 2746 587 2812 quarucflu
602 2746 761 2833 predicta,
776 2746 812 2810 in
828 2744 943 2809 ecdem
958 2742 1145 2821 hundred0,
1160 2764 1220 2829 per
1235 2744 1414 2809 servicium
1430 2741 1621 2813 medietatis
1636 2768 1693 2813 un.
1710 2748 1730 2813 f.
1747 2770 1789 2816 m.

329 2860 500 2927 iohannes
516 2860 620 2927 Stork
637 2861 678 2925 de
693 2858 805 2937 Trent,
819 2858 855 2923 in
878 2858 1039 2923 comitatu
1065 2856 1261 2935 Somersete,
1277 2857 1473 2943 gentilman,
1489 2864 1582 2927 tenet
1604 2862 1790 2927 manerium

284 2972 381 3015 suum
398 2951 438 3015 de
454 2950 579 3015 fimes
594 2952 630 3016 in
654 2950 769 3016 eodem
792 2947 978 3026 hundredo,
994 2945 1084 3033 quod
1105 2967 1172 3012 non
1190 2951 1325 3014 tenetur
1349 2970 1408 3035 per
1431 2950 1609 3015 servicium
1635 2950 1789 3031 militare,

285 3044 320 3107 et
335 3041 425 3106 valet
439 3062 499 3128 per
514 3061 649 3120 annum,
667 3038 757 3106 ultra
771 3038 914 3127 reprisas
1089 3073 1102 3085 ·
1283 3076 1296 3088 ·
1477 3076 1490 3088 -
1671 3078 1684 3090 ·
1729 3063 1788 3109 ca

331 3155 513 3222 Nicholaus
538 3155 697 3242 Latymer
711 3154 753 3219 de
769 3152 913 3219 Nevvton
930 3152 967 3217 in
981 3151 1145 3218 comitatu
1160 3152 1310 3230 Dorsete,
1325 3153 1479 3241 armiger,
1494 3159 1588 3221 tenet
1602 3157 1787 3223 manerium

286 3266 384 3312 suum
400 3245 441 3312 de
456 3246 605 3312 Auaron
621 3245 656 3310 in
673 3245 786 3310 eedem
801 3242 976 3308 hundredo
991 3263 1050 3328 per
1065 3241 1243 3308 servicium
1259 3248 1378 3328 quarte
1392 3245 1499 3329 pertis
1514 3265 1567 3309 uu
1586 3245 1607 3311 f.
1623 3267 1666 3312 m.

328 3362 499 3428 iohannes
534 3360 667 3448 Govytz
689 3359 730 3424 de
761 3358 988 3444 Wynterborn
1022 3357 1170 3422 Asshton
1201 3360 1236 3423 et
1265 3356 1435 3423 Johennes
1459 3358 1664 3447 Fauntleroy
1686 3361 1727 3426 de
1754 3361 1787 3428 la

283 3451 404 3530 Mersh,
429 3453 466 3517 in
494 3451 607 3517 eodem
634 3449 806 3525 comitatu,
830 3447 1022 3535 gentilmen,
1038 3450 1156 3512 tenent
1178 3446 1312 3512 diversa
1338 3451 1445 3513 terras
1469 3455 1504 3514 et
1531 3454 1723 3518 tenementa
1749 3451 1783 3516 in

286 3542 436 3608 Amror
451 3540 609 3628 predicta,
623 3561 684 3628 per
699 3538 877 3606 servicium
892 3542 986 3604 sexte
1001 3536 1180 3624 pertisum
1196 3535 1221 3602 f.
1236 3558 1280 3601 m.

328 3655 503 3724 Predictus
530 3655 727 3740 Radulphus
751 3653 860 3718 Bussh
887 3657 981 3718 tenet
1005 3651 1191 3717 manerium
1218 3671 1317 3716 suum
1344 3651 1386 3718 de
1410 3643 1588 3732 Urcauua,
1609 3654 1645 3720 in
1671 3656 1786 3723 eodem

282 3746 464 3826 hundredo,
480 3767 540 3832 per
554 3744 732 3811 servicium
748 3741 938 3808 medietatis
954 3763 1009 3808 un.
1025 3741 1049 3806 f.
1066 3763 1108 3806 m.

327 3861 499 3928 Predictus
514 3861 537 3928 J
538 3861 684 3926 ohannes
701 3858 907 3944 Fauntleroy
918 3861 1011 3922 tenet
1022 3855 1156 3922 diversa
1167 3861 1275 3921 terres
1286 3861 1321 3923 et
1336 3862 1528 3924 tenementa
1542 3859 1578 3923 in
1588 3859 1784 3939 Amastor,

280 3952 436 4019 Wor'rou
466 3956 501 4017 et
531 3947 725 4017 OAUNDELL
756 3948 893 4026 Mense,
916 3947 952 4011 in
983 3946 1099 4012 eodem
1129 3945 1314 4025 hundredo,
1344 3968 1409 4032 que
1438 3969 1506 4012 non
1536 3952 1695 4016 tenentur
1725 3974 1784 4039 per

282 4042 459 4110 servicium
475 4041 629 4117 militare,
645 4045 679 4106 et
693 4038 809 4104 vaient
824 4060 883 4125 per
898 4058 1034 4114 annum,
1049 4036 1142 4102 ultra
1155 4036 1299 4122 reprisas
1368 4070 1384 4083 ·
1518 4073 1531 4089 ·
1664 4077 1680 4090 -
1724 4063 1784 4108 ee.

327 4157 539 4222 Baldewinus
566 4154 751 4221 Thornhull
775 4153 817 4219 de
843 4151 1038 4228 Thornhull,
1053 4151 1089 4215 in
1113 4150 1226 4216 eodem
1249 4150 1411 4215 comitatu
1428 4151 1576 4229 Dorsete,
1590 4153 1784 4240 gentiiman,

280 4252 372 4315 tenet
394 4247 526 4314 diversa
553 4251 656 4311 terras
680 4249 714 4310 et
739 4247 930 4310 tenementa
955 4241 992 4306 in
1008 4241 1232 4306 Tfloaufluaa
1246 4240 1405 4328 predicta,
1420 4240 1459 4305 in
1472 4241 1587 4306 eodem
1601 4243 1783 4324 hundred0,

279 4360 344 4425 que
359 4359 426 4404 non
441 4340 598 4404 tenentur
611 4356 671 4421 per
686 4333 862 4401 servicium
878 4330 1031 4409 militare,
1047 4335 1082 4397 et
1097 4330 1211 4396 valent
1225 4352 1284 4416 per
1298 4351 1433 4408 annum,
1449 4331 1539 4395 ultra
1554 4332 1697 4418 reprisas
1721 4356 1748 4401 c
1759 4357 1784 4400 s.

324 4453 489 4530 Johenna,
512 4473 576 4538 que
600 4450 669 4516 fuit
695 4469 781 4514 uxor
808 4446 966 4513 Edwardi
990 4445 1096 4512 Cerne
1111 4445 1152 4510 de
1167 4443 1414 4532 Upmelcombe,
1432 4445 1467 4509 in
1482 4446 1597 4512 eodem
1611 4448 1782 4530 comitatu,

280 4542 437 4620 wedewe,
452 4549 545 4608 tenet
560 4540 694 4606 diversa
718 4544 825 4606 terres
852 4542 887 4604 et
911 4539 1103 4604 tenemente
1128 4535 1165 4599 in
1193 4535 1302 4616 FoaK,
1317 4535 1354 4600 in
1378 4536 1492 4602 eodem
1518 4536 1704 4617 hundredo,
1719 4561 1784 4626 que

279 4654 347 4698 non
363 4637 520 4697 tenentur
534 4651 593 4716 per
607 4630 784 4696 servicium
799 4627 954 4705 militare,
969 4632 1004 4692 et
1018 4625 1134 4690 valent
1149 4647 1210 4711 per
1223 4647 1358 4704 annum,
1374 4625 1466 4691 ultra
1479 4627 1623 4711 reprisas
1664 4663 1679 4678 ·
1722 4650 1782 4695 cs.

325 4745 444 4810 Petrus
468 4743 635 4830 Pyneford
657 4742 698 4808 de
714 4739 892 4826 Pynefcrd
909 4739 945 4802 in
960 4737 1076 4804 eodem
1092 4738 1264 4815 comitatu,
1279 4737 1473 4824 gentilman,
1489 4744 1582 4806 tenet
1597 4742 1782 4807 manerium

279 4855 377 4902 suum
392 4833 434 4900 de
449 4834 650 4910 Prsarum,
666 4831 702 4896 in
718 4831 833 4896 eodem
848 4827 1031 4906 hundred0,
1046 4849 1107 4915 per
1122 4827 1299 4893 servicium
1316 4827 1441 4894 decime
1456 4829 1562 4915 partis
1578 4830 1667 4897 umf.
1684 4854 1727 4897 m.

322 4949 508 5014 Willelmue
535 4946 626 5012 Reus
652 4946 694 5012 de
721 4942 960 5028 Chauldevyle,
984 4942 1019 5007 in
1047 4943 1208 5010 comitatu
1239 4942 1369 5020 Wiltes,
1392 4944 1546 5032 armiger,
1573 4950 1608 5011 et
1638 4945 1781 5013 Thomas

277 5037 449 5105 Beauchin
464 5038 504 5103 de
520 5035 640 5104 Codeta
662 5037 698 5100 in
721 5035 835 5102 eodem
861 5032 1035 5110 comitatu,
1051 5032 1205 5120 armiger,
1221 5037 1339 5100 tenent
1363 5034 1548 5100 manerium
1564 5035 1606 5101 de
1623 5035 1729 5115 Fom,
1744 5038 1780 5101 in

277 5129 393 5194 eodem
407 5126 589 5202 hundred0,
605 5147 665 5211 per
680 5123 856 5191 servicium
871 5122 1061 5188 medietatis
1076 5142 1131 5186 un.
1147 5122 1170 5186 f.
1187 5144 1229 5186 m.

320 5243 506 5309 Edwardus
530 5241 734 5328 Stradelyng
760 5239 801 5304 de
817 5239 1073 5325 Overcompton,
1097 5235 1133 5300 in
1159 5237 1319 5303 comitatu
1346 5239 1494 5317 Dorsete,
1516 5241 1672 5318 chivaler,
1687 5245 1780 5307 tenet
1818 5308 1829 5329 ,

276 5333 582 5485 maneriumfeggm
609 5332 649 5396 de
672 5330 944 5434 marcomere,
967 5329 1003 5394 in
1028 5327 1143 5394 eodem
1168 5325 1350 5405 hardrade,
1378 5351 1437 5414 per
1460 5329 1638 5396 servicium
1661 5335 1778 5397 octave

274 5431 380 5513 pertrs
395 5445 449 5488 un.
484 5473 489 5486 .
541 5469 548 5485 .
