4117 6200
299 636 364 699 400
923 632 1184 698 HEREFORD.

339 925 480 990 Ecclesia
496 926 537 989 de
553 926 642 990 Pseu
658 928 789 988 11111111
805 923 846 986 ad
862 947 892 990 x.
911 947 1044 990 marcas.
1092 926 1293 1004 Subsidium,
1311 927 1383 1012 xiij.
1395 951 1421 991 s.
1438 928 1500 1011 iiij.
1512 929 1544 992 d.
1596 949 1606 974 ¹·

339 1063 482 1128 Ecclesia
496 1064 536 1126 de
553 1062 808 1130 Manunsuunnn
825 1062 965 1128 Gsuanu
977 1065 1108 1124 taxatur
1120 1064 1161 1124 ad
1173 1065 1216 1147 vj.
1229 1084 1363 1128 marcas
1398 1064 1599 1144 Subsidium,
1611 1063 1685 1147 vjs.
1696 1064 1802 1149 vilja.

322 1201 480 1354 '‘Ecllfflia
494 1200 534 1264 de
548 1201 757 1266 Bouaeuunn
781 1205 911 1262 taxatur
935 1199 976 1261 ad
1006 1198 1097 1283 xxiij.
1112 1201 1145 1264 li.
1173 1201 1254 1283 vj.s.
1280 1202 1349 1284 viij.
1363 1205 1394 1267 d.
1453 1203 1653 1283 Subsidium,
1681 1203 1801 1290 111111.

299 1310 367 1372 1111.
409 1339 416 1354 .

339 1426 483 1491 Ecclesia
497 1428 537 1490 de
553 1427 775 1490 Kaucunsnnn
790 1427 921 1487 taxatur
936 1421 977 1485 ad
992 1443 1044 1485 xx.
1058 1445 1084 1486 a.
1132 1422 1332 1504 Subsidium,
1350 1426 1394 1510 vj.
1406 1451 1432 1491 s.
1451 1425 1507 1510 viij
1513 1477 1520 1492 .
1536 1429 1567 1492 d.

338 1559 480 1624 Ecclesia
494 1560 534 1624 de
548 1560 657 1626 Yason
673 1563 800 1620 taxatur
813 1557 854 1619 ad
871 1557 933 1641 iiij.
952 1576 1083 1619 marcas.
1131 1556 1331 1636 Subsidium,
1348 1559 1392 1642 vj.
1404 1583 1430 1624 a.
1448 1559 1516 1642 viij.
1532 1561 1564 1623 d.

340 1697 482 1761 Ecclesia
496 1695 536 1760 de
550 1695 763 1764 Wouunsnns
778 1697 908 1758 taxatur
923 1692 964 1756 ad
980 1692 1067 1774 xxvj.
1081 1717 1107 1757 s.
1125 1689 1193 1777 viij.
1208 1695 1238 1757 d.
1286 1692 1488 1774 Subsidium,
1502 1694 1545 1777 vj.
1557 1720 1583 1762 a.
1601 1697 1670 1781 viij.
1685 1701 1718 1764 (1.

338 1836 483 1901 Ecclesia
497 1837 537 1898 de
554 1836 695 1901 Banasa
721 1833 846 1900 Sonans
863 1839 993 1896 taxatur
1008 1833 1049 1894 ad
1066 1833 1134 1915 viij.
1146 1834 1180 1895 11.
1228 1832 1430 1912 Subsidium,
1449 1834 1513 1918 xvj.
1527 1859 1553 1900 a.

342 1976 486 2038 Ecclesia
500 1975 540 2036 de
555 1973 810 2038 Manunsuunnn
826 1972 913 2036 Lacu
929 1973 1059 2034 taxatur
1073 1970 1115 2032 ad
1132 1968 1216 2052 xiiij.
1231 1973 1265 2034 li.
1316 1971 1519 2050 Subsidium,
1537 1975 1650 2058 xxviij.
1664 1999 1690 2040 a.

339 2111 481 2174 Ecclesia
496 2110 535 2173 de
551 2109 694 2174 Hounou
711 2113 842 2169 taxatur
857 2106 897 2168 ad
913 2128 942 2169 x.
960 2125 1094 2168 marcas.
1142 2105 1341 2183 Subsidium,
1359 2107 1430 2191 xiij.
1444 2131 1470 2173 a.
1487 2108 1550 2193 iiij.
1564 2113 1595 2174 d.

338 2247 482 2310 Ecclesia
496 2245 536 2308 de
552 2245 735 2312 anunou
751 2245 881 2306 taxatur
896 2239 937 2303 ad
953 2239 1039 2323 xxxj.
1057 2259 1180 2302 marcas
1196 2240 1238 2324 vj.
1253 2266 1279 2306 s.
1297 2242 1367 2325 viij.
1381 2245 1413 2308 d.
1460 2243 1659 2325 Subsidium,
1676 2248 1746 2332 xiij.
1757 2273 1783 2314 a.

339 2385 484 2449 Ecclesia
499 2385 538 2448 de
553 2383 782 2451 Caunnsuunn
797 2384 926 2444 laxatur
941 2380 982 2442 ad
997 2400 1028 2444 x.
1046 2399 1179 2443 marcas.
1228 2380 1427 2460 Subsidium,
1445 2385 1515 2468 xiij.
1529 2409 1555 2450 a.
1573 2385 1635 2470 iiij.
1648 2388 1679 2451 d.

337 2525 480 2588 Ecclesia
495 2524 536 2587 de
554 2523 722 2590 Sunnnuou
737 2525 868 2583 taxatur
882 2519 922 2581 ad
938 2538 968 2582 x.
987 2538 1120 2583 marcas.
1169 2517 1358 2584 Subsidium
1383 2519 1471 2597 inde,
1498 2521 1594 2600 nihil,
1629 2527 1706 2606 quia
1729 2545 1794 2588 non

297 2617 373 2676 suut
387 2611 509 2676 ibidem
524 2631 554 2674 x.
573 2608 807 2672 inhabitantes.

338 2750 479 2813 Ecclesia
494 2749 534 2812 de
554 2748 729 2814 Suauunou
745 2749 877 2808 taxatur
891 2744 931 2806 ad
947 2743 1025 2826 xxij.
1044 2763 1178 2808 marcas.
1225 2742 1424 2824 Subsidium,
1447 2747 1557 2831 xxviij.
1572 2772 1598 2814 a.
1615 2749 1676 2833 iiij.
1691 2752 1723 2814 d.

335 2887 478 2950 Ecclesia
492 2885 532 2948 de
547 2885 703 2949 Monimou
719 2885 848 2945 taxatur
863 2881 902 2944 ad
919 2903 948 2946 11.
967 2903 1101 2947 marcas.
1148 2883 1346 2962 Subsidium,
1363 2885 1435 2969 xiij.
1447 2911 1473 2951 1.
1491 2887 1554 2972 iiij.
1566 2889 1597 2952 (1.

336 3025 480 3090 Ecclesia
497 3022 535 3086 de
549 3025 684 3090 Bunosn
700 3025 829 3084 taxatur
844 3022 884 3084 ad
900 3020 970 3106 viij.
985 3023 1019 3086 li.
1068 3020 1269 3101 Subsidium,
1287 3021 1351 3107 xvj.
1363 3047 1389 3088 a.

336 3165 483 3229 Ecclesia
497 3164 536 3227 de
551 3162 779 3229 Busuoiusncu
795 3165 925 3225 taxatur
940 3162 981 3225 ad
996 3183 1048 3226 xx.
1067 3182 1201 3227 marcas.
1251 3162 1453 3242 Subsidium,
1470 3164 1508 3250 ij.
1525 3184 1642 3231 marce.

331 3304 477 3369 Ecclesia
491 3303 531 3366 de
547 3303 728 3369 Baocnuau
752 3304 882 3363 taxatur
907 3300 948 3364 ad
974 3300 1017 3383 vj.
1035 3319 1157 3363 marcas
1188 3299 1271 3384 vjc.
1303 3302 1416 3385 viij.d.
1483 3302 1671 3369 Subsidium
1703 3302 1789 3383 inde,

294 3392 390 3473 nihil,
404 3394 480 3476 quia
496 3411 561 3453 non
577 3394 653 3453 sunh
668 3410 699 3452 x.
718 3386 951 3452 inhabitantes.

335 3531 481 3595 Ecclesia
496 3530 536 3593 de
552 3530 698 3594 chunn
712 3547 777 3589 non
793 3530 933 3592 taxatur.
981 3526 1059 3590 Ideo
1073 3526 1253 3590 subsidium
1269 3526 1355 3607 inde,
1374 3527 1417 3612 vj.
1432 3553 1457 3594 s.
1483 3530 1552 3614 viij.
1567 3532 1597 3594 d.

337 3669 481 3733 Ecclesia
496 3668 535 3731 de
550 3668 729 3733 Buasunos
746 3685 810 3727 non
827 3670 967 3729 taxatur.
1014 3665 1093 3727 Ideo
1109 3664 1288 3728 subsidium
1304 3666 1391 3745 inde,
1407 3666 1451 3749 vj.
1469 3692 1495 3732 s.
1520 3667 1589 3751 viij.
1604 3668 1635 3732 (1.

336 3807 480 3872 Ecclesia
494 3807 534 3870 de
549 3806 750 3871 Bsuusuoen
768 3808 897 3867 taxatur
912 3803 952 3867 ad
968 3824 999 3866 11.
1017 3822 1152 3866 marcas.
1202 3803 1404 3882 Subsidium,
1420 3804 1489 3888 xiij.
1503 3829 1528 3871 a.
1554 3805 1615 3889 iiij.
1631 3806 1662 3869 d.

334 3946 477 4009 Ecclesia
486 3946 524 4008 de
537 3944 676 4011 Mausos
691 3944 785 4030 juxta
800 3942 919 4008 Lunna
935 3962 999 4005 non
1012 3946 1193 4019 basatensi
1209 3944 1281 4005 ideo
1293 3942 1474 4006 subsidium
1488 3944 1573 4021 inde,
1590 3946 1633 4009 vi.
1645 3967 1670 4009 s.
1682 3942 1788 4029 viijal.

439 4084 573 4151 Summa
588 4082 723 4147 subsidii
739 4081 946 4144 ecclesiarum
962 4080 1180 4163 predictarum
1193 4082 1325 4167 z—xvij.
1340 4083 1373 4145 11.
1398 4084 1463 4145 xix.
1477 4106 1502 4146 a.
1528 4082 1599 4167 viij.
1613 4083 1644 4147 d.

760 4372 979 4439 Huunannnu
1004 4394 1047 4439 un
1070 4372 1335 4440 WEBBETRE.

335 4568 480 4633 Ecclesia
494 4565 534 4629 de
551 4564 713 4641 Paneiou,
727 4584 802 4627 cum
827 4563 1002 4647 capellada
1019 4564 1235 4641 Buaununun,
1253 4567 1384 4626 taxatur
1398 4564 1440 4625 ad
1457 4584 1486 4627 x.
1501 4565 1535 4628 11.
1587 4562 1791 4640 Subsidium,

294 4679 346 4722 xx.
358 4679 385 4722 s.

335 4794 477 4865 Ecclesia
488 4792 528 4855 de
540 4790 692 4870 Manum,
705 4810 779 4853 cum
793 4788 916 4872 capella
931 4790 971 4853 de
982 4789 1167 4867 Tuannnou,
1184 4794 1315 4852 taxatur
1326 4790 1367 4851 ad
1382 4788 1404 4853 l.
1418 4808 1551 4853 marcas.
1588 4788 1789 4867 Subsidium,

291 4905 322 4950 ν.
334 4902 450 4947 marce.

332 5018 478 5085 Ecclesia
492 5017 530 5081 de
546 5017 746 5082 Kuucnsncu
762 5016 892 5077 taxatur
906 5014 948 5077 ad
964 5034 993 5078 x.
1011 5034 1144 5078 marcas.
1194 5012 1394 5095 Subsidium,
1412 5013 1484 5100 xiij.
1497 5038 1523 5080 a.
1548 5014 1612 5100 iiij.
1628 5016 1660 5080 d.

333 5159 475 5223 Ecclesia
490 5158 529 5220 de
544 5158 799 5230 Annsmnsuonn,
815 5172 889 5215 cum
916 5154 1037 5236 capella
1060 5154 1100 5215 de
1126 5152 1317 5231 Cunnucna,
1336 5150 1483 5239 [taxatur
1498 5151 1553 5239 ad]
1576 5152 1640 5238 xvj.
1655 5152 1689 5217 li.
1706 5149 1750 5235 vj.
1762 5174 1790 5217 a.

291 5249 359 5332 viij.
373 5250 404 5312 (1.
451 5244 650 5319 Subsidium,
667 5240 766 5324 xxxij.
780 5264 806 5304 a.
831 5240 902 5322 viij.
917 5242 948 5305 d.

212 5392 217 5399 '
332 5384 477 5449 Ecclesia
491 5384 530 5446 de
545 5382 635 5447 Esou
652 5384 781 5442 laxatur
795 5378 836 5441 ad
851 5400 881 5442 x.
900 5399 1032 5443 marcas.
1079 5377 1279 5458 Subsidium,
1296 5378 1367 5463 xiij.
1380 5402 1405 5444 a.
1431 5378 1493 5463 iiij.
1505 5380 1536 5443 d.

334 5522 477 5587 Ecclesia
491 5522 532 5585 de
549 5520 785 5587 Tuoscnusuou
801 5520 931 5580 taxatur
944 5517 985 5581 ad
1003 5518 1045 5600 vj.
1056 5536 1188 5581 marcas.
1235 5516 1433 5596 Subsidium,
1449 5516 1493 5599 vj.
1506 5541 1532 5583 a.
1557 5514 1626 5598 viij.
1637 5515 1669 5578 d.
