4117 6200
285 626 350 696 282
878 618 1186 696 suouonsusss.

324 917 463 981 Thomas
488 917 528 981 de
553 914 698 996 Berkele,
712 915 863 979 dominus
890 914 931 978 ds
957 912 1102 994 Berkele,
1129 916 1223 978 tenet
1246 914 1393 975 octavam
1416 911 1542 994 partem
1564 927 1620 972 un.
1642 903 1666 972 f.
1682 926 1726 969 m.
1742 904 1777 967 iu

283 1006 408 1085 Osann,
430 1002 544 1092 [quam
560 1003 676 1068 Sibills
690 1003 732 1068 de
747 1001 878 1088 Gornsy
893 1000 1057 1086 quondam
1072 1002 1180 1065 tenuit
1195 1000 1314 1063 ibidem
1345 1039 1356 1050 -
1489 1037 1501 1048 ·
1634 1035 1645 1045 -
1689 988 1771 1077 us]

332 1144 397 1232 [De
419 1143 546 1208 Thoma
571 1145 612 1208 de
637 1143 827 1223 Bradestou,
852 1147 887 1206 et
910 1141 1097 1206 tenentibus
1113 1141 1189 1219 suis,
1213 1158 1272 1221 pro
1295 1138 1340 1202 di.
1358 1139 1382 1203 i.
1397 1159 1441 1202 m.
1457 1138 1493 1202 in
1507 1137 1776 1213 Wrurnauouau,

281 1235 367 1318 quod
382 1232 567 1296 Willelmus
582 1232 624 1296 de
639 1231 827 1315 Wanetyng
840 1230 1002 1315 quondam
1019 1230 1129 1293 tenuit
1143 1223 1294 1312 ibidem]

331 1365 395 1455 [De
418 1367 568 1432 Johanne
591 1366 632 1430 de
659 1363 778 1428 Sancto
805 1365 928 1445 Laudo,
942 1364 1011 1428 filio
1038 1370 1074 1428 et
1087 1363 1204 1428 herede
1219 1362 1377 1428 Johannis
1393 1363 1433 1428 de
1450 1362 1568 1428 Sancto
1584 1359 1706 1440 Laudo,
1722 1380 1779 1444 pro

280 1460 396 1540 quarta
411 1462 503 1538 parte
518 1476 573 1519 un.
589 1454 612 1518 f.
627 1473 672 1516 m.
688 1452 723 1515 in
739 1452 895 1536 Cursore,
911 1473 1009 1536 quam
1034 1450 1199 1516 Johsnnes
1224 1451 1266 1516 de
1290 1450 1409 1517 Sancto
1433 1450 1556 1528 Laudo,
1580 1453 1672 1534 pater
1697 1447 1778 1533 ejus,

281 1544 444 1627 quondam
459 1543 567 1607 tenuit
581 1537 733 1626 ibidem]

325 1671 438 1738 Simon
452 1671 568 1736 Bassst
581 1676 675 1736 tenet
689 1672 734 1736 di.
750 1672 773 1740 f.
790 1694 835 1740 m.
851 1674 886 1738 in
901 1673 1057 1753 custodis,
1071 1673 1112 1737 de
1128 1674 1308 1739 hereditate
1325 1672 1484 1738 Willelmi
1499 1671 1539 1736 de
1565 1671 1598 1736 la
1623 1671 1716 1735 More
1741 1669 1777 1732 in

282 1762 428 1839 Bornos,
444 1781 519 1824 cum
534 1759 698 1825 membris.

325 1897 514 1962 Edmundus
529 1898 559 1962 le
573 1897 696 1961 Blount
710 1900 802 1961 tenet
817 1897 862 1961 di.
877 1898 901 1962 f.
916 1918 961 1964 m.
977 1899 1013 1960 in
1028 1899 1175 1978 Bouron,
1191 1919 1266 1963 cum
1282 1899 1445 1964 membris.

331 2032 396 2122 [De
423 2035 539 2099 herede
568 2033 726 2119 Stephani
754 2033 795 2098 de
825 2034 858 2096 is
883 2033 986 2113 More,
1016 2035 1102 2098 iufra
1131 2039 1252 2100 etatem
1282 2039 1317 2102 et
1345 2037 1380 2100 in
1410 2035 1557 2099 custodia
1582 2032 1706 2098 Thome
1736 2033 1776 2098 de

282 2120 470 2201 Bradeston,
497 2127 534 2186 et
558 2122 730 2186 Edmundo
753 2121 820 2184 filio
843 2120 949 2183 David
972 2122 1004 2184 le
1027 2122 1150 2186 Blount
1172 2144 1230 2207 pro
1254 2144 1310 2188 un.
1337 2124 1360 2186 f.
1387 2143 1431 2187 ιιι.
1457 2123 1494 2186 in
1519 2122 1664 2200 Bornos,
1691 2121 1778 2204 quod

283 2207 465 2294 Stephanus
479 2213 547 2274 atte
562 2208 654 2273 More
668 2213 703 2274 et
716 2207 824 2272 David
838 2207 869 2272 le
883 2207 1007 2272 Blount
1021 2211 1184 2292 quondam
1199 2215 1376 2276 tenuerunt
1390 2211 1513 2275 ibidem
1617 2249 1628 2260 -
1673 2205 1771 2296 rba]

325 2347 508 2412 willelmus
533 2347 633 2430 uacy
657 2349 760 2425 tenet,
782 2351 817 2409 et
839 2349 992 2413 tenentes
1015 2349 1067 2410 sui
1094 2353 1210 2413 tenent
1232 2347 1277 2414 di.
1305 2349 1329 2415 i.
1358 2369 1402 2414 m.
1425 2349 1461 2411 in
1486 2347 1654 2424 Dosaron,
1678 2342 1778 2431 [quod

283 2433 477 2516 willelmus,
491 2440 585 2530 pater
599 2434 681 2518 ejus,
696 2432 860 2518 quondam
874 2435 984 2498 tenuit
998 2434 1189 2499 ibidem·
1323 2477 1334 2487 -
1468 2476 1479 2486 -
1612 2430 1773 2519 -rx.s.]

325 2569 470 2651 Rogerus
484 2564 611 2632 Osntok
625 2573 717 2634 tenet
731 2590 788 2635 un.
803 2571 827 2635 f.
843 2591 888 2635 m.
905 2571 940 2633 in
955 2570 1101 2638 Danaen
1116 2578 1149 2636 et
1164 2573 1317 2652 Hannon,
1342 2569 1443 2660 [quod
1457 2571 1641 2636 Willelmus
1663 2568 1777 2632 Russel

283 2656 446 2742 quondam
461 2655 570 2720 tenuit
584 2655 708 2720 ibidem
754 2696 1632 2711 -------
1676 2653 1774 2744 xl.s.]

333 2789 399 2877 [De
424 2787 595 2852 Edmundo
621 2787 652 2850 le
675 2786 798 2851 Blount
822 2810 880 2873 pro
903 2797 1017 2855 octava
1043 2799 1135 2877 parte
1155 2814 1211 2859 un.
1228 2793 1251 2859 i.
1267 2814 1313 2859 m.
1330 2795 1365 2856 in
1382 2793 1663 2871 Mauconassnnu,
1680 2809 1778 2873 quam

282 2877 388 2942 David
403 2876 435 2941 le
449 2875 571 2939 Blount
585 2874 748 2958 quondam
763 2878 871 2941 tenuit
885 2876 1068 2942 ibidem·
1202 2922 1213 2932 -
1346 2921 1357 2932 -
1490 2920 1501 2932 -
1634 2874 1774 2963 ·v.s.]

326 3013 473 3099 Rogems
486 3011 613 3077 Cantok
629 3016 721 3077 tenet
734 3011 781 3079 di.
797 3013 820 3080 f.
837 3035 883 3080 m.
899 3015 935 3078 in
951 3015 1182 3084 Gonaaruron.

332 3148 397 3238 [De
410 3150 525 3223 abbate
538 3149 579 3214 de
594 3147 751 3234 Stanlegh
766 3169 824 3233 pro
837 3150 883 3215 di.
900 3150 924 3217 f.
940 3172 985 3218 m.
1000 3152 1037 3215 in
1064 3154 1322 3234 (bonnensem,
1338 3159 1435 3239 prout
1461 3154 1701 3238 predecessores
1726 3156 1777 3220 sui

283 3242 461 3303 tennerunt
475 3236 597 3302 ibidem
744 3276 1623 3295 -------
1668 3241 1773 3330 xx.s.]

326 3373 486 3438 Jordanus
512 3369 649 3455 Bissbop
672 3374 762 3435 tenet
788 3380 935 3435 octavam
958 3378 1086 3457 parbem
1110 3396 1167 3440 un.
1189 3376 1212 3442 f.
1230 3397 1274 3441 m.
1291 3377 1326 3440 in
1353 3378 1462 3443 Pnavn
1490 3376 1652 3454 Soasuar,
1676 3374 1778 3463 [quod

283 3459 448 3526 Johannes
461 3458 630 3543 Bysshcpp
645 3458 808 3541 quondam
823 3459 932 3523 tenuit
947 3459 1071 3525 ibidem
1177 3503 1188 3514 -
1322 3503 1332 3516 ·
1466 3502 1476 3515 -
1611 3462 1773 3551 -xx.s.]

325 3598 430 3664 cilicis
445 3597 566 3662 Burnel
579 3601 670 3661 tenet
685 3615 740 3661 uu.
756 3595 804 3661 di.
821 3596 844 3661 f.
862 3618 906 3662 ιιι.
922 3601 958 3662 et
969 3602 1121 3681 quartam
1137 3604 1263 3683 partem
1279 3622 1334 3667 un.
1352 3602 1375 3667 f.
1392 3603 1427 3665 in
1444 3602 1536 3670 Onna
1555 3600 1717 3669 Sonsuar.

239 3788 241 3790 >
326 3734 489 3801 Johannes
502 3735 542 3799 de
557 3733 730 3818 Berkeleye
745 3735 786 3798 de
801 3733 958 3818 Dursleye
972 3740 1066 3800 tenet
1080 3738 1125 3803 di.
1142 3738 1165 3803 f.
1182 3759 1227 3804 m.
1244 3744 1278 3803 et
1293 3744 1441 3825 quartam
1467 3744 1592 3825 partem
1618 3759 1673 3803 un.
1690 3738 1714 3804 f.
1732 3759 1776 3803 m.

283 3826 318 3889 iu
334 3825 525 3901 Donarem,
548 3818 649 3908 [quod
664 3820 828 3886 Jobannes
844 3824 884 3885 de
898 3823 930 3885 la
944 3823 1066 3907 Ryrere
1081 3826 1243 3909 quondam
1259 3828 1368 3892 tenuit
1383 3824 1534 3913 ibidem]

326 3962 485 4045 Magister
509 3958 665 4022 Ricardus
686 3957 726 4021 de
749 3958 959 4023 Thormerton
978 3965 1072 4025 tenet
1088 3962 1133 4026 di.
1150 3961 1173 4027 f.
1190 3984 1234 4028 m.
1252 3965 1286 4027 in
1303 3964 1453 4043 Hormou,
1477 3962 1577 4051 [quod
1596 3963 1778 4026 Willelmus

283 4048 580 4133 Burnelquondam
596 4045 897 4111 tenuitibidem-
1032 4090 1042 4099 -
1176 4090 1186 4101 -
1321 4090 1332 4101 -
1466 4092 1476 4103 .
1610 4047 1774 4135 -xr.e.]

270 4164 274 4171 ¹
326 4185 431 4249 Abbas
446 4183 486 4249 de
499 4180 653 4247 Pershore
667 4185 762 4245 tenet
776 4203 831 4247 un.
848 4181 871 4247 f.
887 4203 932 4247 m.
949 4183 984 4245 in
1001 4182 1237 4252 Haunnsuuar.

326 4324 434 4389 Abbas
449 4321 562 4387 Sancti
576 4320 677 4399 Petri,
692 4319 903 4400 Gloucestrie,
918 4323 1013 4385 tenet
1027 4342 1084 4388 un.
1100 4321 1124 4389 f.
1141 4344 1185 4390 m.
1203 4326 1238 4389 in
1253 4327 1428 4393 Boxwann.

326 4458 503 4524 Nicholaus
525 4456 691 4534 Burdoun,
717 4461 752 4520 et
778 4462 929 4522 tenentes
952 4459 1014 4534 sui,
1037 4462 1153 4524 tenent
1176 4480 1232 4526 un.
1250 4460 1294 4524 di.
1312 4462 1335 4525 s.
1352 4482 1397 4525 m.
1413 4482 1488 4525 cum
1512 4461 1721 4545 pertinenciis
1743 4460 1778 4523 in

285 4551 476 4626 Ominum,
499 4542 600 4633 [quod
614 4544 817 4628 Augustinus
831 4545 964 4609 Burdon
979 4545 1142 4629 quondam
1156 4550 1268 4611 tenuit
1282 4548 1404 4613 ibidem
1465 4589 1475 4599 -
1610 4589 1620 4599 -
1665 4545 1773 4633 xrs]

326 4685 491 4752 ‚Iohannes
505 4683 634 4766 Torpyn
649 4685 741 4744 tenet
755 4680 800 4746 di.
816 4680 840 4746 f.
857 4701 901 4747 m.
919 4682 955 4744 in
970 4683 1190 4763 Burmannus,
1214 4682 1315 4770 [quod
1339 4685 1454 4751 Petrus
1476 4685 1598 4750 Malere
1617 4685 1777 4766 (Mallote)

284 4773 447 4860 quondam
461 4771 571 4836 tenuit
583 4768 754 4832 ibidem·
888 4810 899 4819 -
1033 4809 1044 4821 -
1178 4812 1188 4821 -
1323 4811 1333 4823 -
1612 4770 1774 4859 -xx.s.]

327 4907 468 4973 Thomas
493 4906 523 4970 le
548 4904 684 4969 Botiller
708 4907 801 4967 tenet
822 4902 868 4968 di.
884 4902 908 4968 f.
935 4925 980 4968 m.
1004 4905 1041 4965 in
1068 4904 1273 4973 Bsonrurou
1298 4906 1429 4985 Misus,
1465 4905 1564 4994 [quod
1588 4906 1728 4971 Thomas
1751 4908 1781 4971 le

285 4997 421 5063 Botiller
438 4994 591 5075 (Boteler)
610 4994 701 5075 pater
714 4990 794 5073 ejus,
809 4990 973 5073 quondam
987 4992 1097 5055 tenuit
1111 4991 1233 5057 ibidem
1322 5034 1333 5047 -
1467 5036 1477 5047 -
1611 5034 1622 5047 -
1667 4992 1775 5081 xx.s.]

327 5134 492 5201 Johsnnes
518 5132 557 5195 de
579 5131 613 5194 la
637 5129 762 5213 Ryvere
789 5132 881 5193 tenet
906 5129 952 5194 di.
978 5127 1002 5195 f.
1028 5152 1072 5197 m.
1095 5132 1130 5195 in
1159 5132 1386 5202 Tnoannaron
1408 5139 1444 5199 et
1467 5136 1655 5214 Lernaeos,
1680 5132 1782 5221 [quod

283 5224 447 5291 Johsnnes
461 5221 502 5284 de
518 5220 550 5283 la
565 5218 701 5301 Ryvere,
717 5220 811 5298 pater
825 5216 907 5300 ejus,
921 5219 1084 5301 quondam
1099 5221 1209 5285 tenuit
1224 5222 1347 5287 ibidem
1474 5262 1485 5274 -
1618 5219 1773 5308 -xl.s.]

327 5356 489 5422 Jchannes
514 5351 553 5415 de
568 5351 600 5414 la
623 5349 747 5433 Ryvere
769 5352 861 5413 tenet
877 5370 933 5415 un.
950 5351 994 5415 di.
1011 5353 1036 5417 f.
1051 5371 1096 5417 m.
1114 5353 1149 5415 in
1165 5353 1274 5419 Aonou
1292 5354 1471 5433 Tuumne,
1496 5351 1598 5440 [quod
1613 5353 1780 5437 predictus

284 5448 457 5521 Johannes,
481 5442 574 5523 pater
610 5436 747 5521 predicti
776 5436 944 5516 Johannis,
981 5443 1016 5502 et
1046 5439 1231 5504 Willelmus
1268 5441 1308 5506 de
1346 5441 1578 5521 (iodmanston,
1616 5440 1781 5523 quondam

284 5533 461 5600 tenuerunt
474 5526 596 5592 ibidem
751 5564 1631 5582 .......
1675 5524 1773 5613 11,3,]
