4117 6200
891 642 1150 708 HEREFORD.

896 1033 989 1104 al).
1035 1033 1150 1104 1431.

319 1381 478 1446 Henricus
492 1382 544 1445 dei
559 1384 664 1467 gratia
679 1403 745 1461 rex,
759 1387 823 1467 etc,
838 1383 956 1447 dilecto
972 1389 1004 1446 et
1022 1384 1109 1447 fideli
1125 1405 1182 1448 suo
1195 1384 1336 1448 Waltero
1351 1385 1452 1466 Lucy,
1465 1384 1576 1462 militi,
1589 1404 1626 1446 ac
1638 1381 1771 1446 dilectis

275 1469 335 1532 sibi
352 1469 491 1533 Roberlo
506 1470 672 1554 Whitney,
688 1471 831 1534 Johanni
845 1471 1009 1554 Merbury,
1028 1471 1163 1533 Ricardo
1185 1473 1225 1535 dc
1243 1472 1278 1534 la
1291 1473 1392 1550 Mare,
1409 1470 1582 1536 Edmundo
1597 1470 1717 1552 llloryr,
1732 1490 1770 1532 ao

273 1558 456 1621 vicecomiti
471 1557 667 1632 Herefcrdic‚
683 1558 832 1624 salutem.
878 1557 994 1622 Sciatis
1007 1563 1074 1636 (ete.
1088 1583 1123 1623 os
1136 1561 1170 1623 in
1180 1561 1239 1623 col.
1251 1561 1277 1624 I.
1284 1583 1320 1642 p.
1332 1563 1421 1637 272).
1460 1560 1558 1622 Teste
1572 1557 1767 1635 Humiredc,

274 1644 356 1707 duce
380 1643 592 1722 Gloucestrie,
617 1645 749 1710 custode
774 1645 903 1732 Anglie,
928 1646 1013 1732 apud
1030 1646 1354 1711 westmonasterium
1380 1648 1436 1731 xij.
1459 1646 1511 1709 die
1538 1645 1659 1730 Aprilis
1684 1663 1769 1707 anno

275 1732 366 1818 regni
381 1733 483 1794 nostri
497 1751 591 1799 nono.

794 1950 905 1958 ..-.--.-1..
922 1949 976 1956 ...u-
993 1950 1003 1954 -
1041 1949 1072 1954 m·
1089 1948 1220 1955 »ὰ---ψψ
1243 1948 1249 1957 .,

321 2087 497 2171 Inquisieio
512 2091 606 2169 capta
621 2086 707 2170 apud
723 2085 946 2150 Herefordiam
973 2086 1026 2148 die
1051 2084 1184 2148 Sabbati
1200 2084 1277 2170 xvij.
1294 2085 1348 2149 die
1371 2036 1562 2149 Novembris
1579 2105 1664 2150 anno
1679 2086 1770 2169 regni

277 2177 362 2256 regis
386 2174 521 2238 Hemici
546 2176 627 2239 sexti
654 2178 727 2258 post
747 2178 960 2258 conquestum
985 2172 1121 2250 decimo,
1136 2191 1244 2236 eoram
1270 2172 1628 2257 RobertoWhitteney,
1651 2175 1771 2252 milite,

276 2261 427 2326 Johanne
443 2261 605 2345 Merbury,
619 2269 653 2324 ct
668 2261 804 2324 Ricardo
819 2262 859 2323 de
875 2261 906 2323 la
923 2260 1025 2337 Mare,
1040 2279 1097 2344 per
1112 2259 1370 2323 commissionem
1394 2261 1476 2324 dicti
1495 2259 1621 2324 domini
1635 2263 1721 2346 regis
1736 2264 1769 2323 in

278 2350 436 2413 comitatu
468 2348 659 2411 Herelordie
685 2349 873 2432 assignatis,
898 2347 1194 2430 adinquirendum
1219 2347 1259 2409 de
1286 2348 1426 2430 quodam
1452 2347 1594 2411 subsidio
1624 2348 1770 2430 predicto

278 2437 410 2500 domino
424 2456 571 2499 concesso
586 2435 626 2498 ad
643 2435 798 2498 ultimum
813 2434 1064 2518 parliamentum
1079 2454 1175 2497 suum
1197 2440 1328 2497 tentum
1344 2436 1430 2518 apud
1445 2435 1770 2502 westmonasterium

279 2524 331 2588 die
360 2523 493 2587 Veneris
524 2524 670 2606 proximo
699 2528 773 2606 post
803 2523 921 2585 festum
953 2521 1066 2584 Sancti
1096 2521 1229 2585 Hillarii
1259 2522 1415 2584 ultimum
1444 2523 1651 2606 preteritum,
1678 2523 1772 2608 juxta

278 2618 422 2675 tenorem
444 2610 587 2694 predicto
601 2609 803 2673 comissionis
817 2607 894 2672 huic
908 2609 1116 2692 inquisicioni
1131 2613 1276 2685 concute,
1290 2629 1346 2692 per
1362 2614 1598 2672 sacramentum
1613 2610 1634 2672 J
1637 2608 1772 2673 ohannis

278 2697 408 2782 Brugge
437 2699 478 2761 de
508 2697 688 2774 Staundon,
703 2695 858 2759 Willelmi
889 2694 1009 2774 Crofte,
1039 2695 1162 2759 Thome
1191 2695 1411 2778 Bromwyche,
1439 2697 1582 2775 senioris,
1613 2696 1771 2760 Willelmi

280 2785 439 2861 Criketot,
468 2783 626 2849 Johannis
655 2784 839 2856 Mulborne‚
867 2782 1025 2846 Johannis
1056 2782 1240 2866 Stepulton,
1269 2782 1426 2846 Maoolini
1441 2783 1618 2866 Walweyn,
1640 2784 1772 2847 Ricardi

280 2872 445 2956 Walwcyn
474 2872 515 2934 de
529 2871 742 2955 Lugwardyn‚
760 2869 878 2954 Rogeri
908 2867 1110 2949 Bodenham,
1126 2868 1273 2953 Philippi
1319 2917 1603 2949 ......
1648 2870 1773 2935 Thomu

280 2960 517 3043 Bromewyche,
532 2959 679 3045 junioris,
705 2957 864 3021 Johannis
889 2957 1052 3034 Paunton‚
1082 2956 1199 3041 Rogeri
1229 2958 1328 3033 Love‚
1341 2956 1465 3021 Thome
1480 2957 1611 3044 Brugge
1633 2958 1672 3022 de
1695 2961 1773 3042 hey,

280 3047 410 3111 Ricardi
442 3047 558 3126 Leone,
588 3045 745 3110 Johannis
775 3044 895 3126 Goure,
926 3045 1046 3130 Rogeri
1075 3043 1225 3129 Erlyche,
1256 3044 1412 3109 Willelmi
1442 3044 1585 3127 Gernon,
1614 3044 1772 3111 Johannis

280 3134 440 3217 Shelwyk,
471 3134 592 3218 Rogeri
622 3134 869 3211 Amondesham‚
900 3134 1059 3197 Johannis
1076 3134 1211 3212 Wattes,
1241 3130 1400 3196 Johannis
1430 3132 1570 3219 Brugge,
1596 3134 1639 3196 de
1661 3134 1775 3213 Rosse,

281 3222 436 3287 Willelmi
475 3222 705 3306 Huntyngton,
734 3227 769 3284 et
798 3220 922 3284 Howcll
963 3242 1004 3303 ap
1036 3220 1173 3297 Howell‚
1202 3220 1383 3304 juratorum
1420 3228 1454 3284 et
1491 3227 1695 3284 oneratorum
1732 3222 1774 3286 de

278 3310 472 3373 omnimodis
488 3309 633 3373 articulis
663 3310 696 3370 in
712 3308 935 3372 commissione
966 3309 1110 3391 predicta
1133 3309 1309 3385 contentis,
1338 3308 1394 3391 qui
1419 3308 1534 3372 dicunt
1558 3329 1656 3392 super
1670 3330 1774 3373 sacra-

280 3403 429 3463 mentum
444 3417 541 3460 suum
557 3396 643 3479 quod
653 3418 707 3459 :-

721 3684 957 3773 [Huunnanurr
982 3682 1042 3771 na]
1072 3683 1341 3753 STRATFORD.

322 3880 504 3945 Manerium
525 3879 565 3943 de
589 3881 736 3957 Annam,
753 3879 839 3964 quod
853 3877 1019 3944 lohannes
1047 3877 1241 3943 Oldecastell
1255 3900 1360 3963 nuper
1383 3881 1493 3945 tenuit
1516 3902 1576 3967 per
1604 3882 1779 3948 servicium

282 3990 336 4035 un.
355 3970 377 4033 f.
396 3990 439 4033 m.
455 3973 560 4033 exstat
576 3968 609 4029 in
627 3987 726 4031 manu
741 3966 864 4031 domini
881 3969 968 4051 regis
983 3968 1110 4030 ratione
1126 3967 1331 4031 forisfactura
1346 3973 1408 4032 etc.

323 4108 487 4171 Johannes
502 4105 668 4189 Msrbury,
686 4106 837 4189 armiger,
851 4111 942 4169 tenet
960 4125 1014 4169 un.
1033 4104 1057 4169 f.
1074 4125 1118 4168 m.
1134 4105 1169 4167 iu
1185 4105 1396 4170 Lanuuinus.

322 4244 461 4308 Jacobus
476 4242 515 4307 de
530 4242 689 4325 Audeley,
705 4242 810 4319 miles,
825 4246 920 4305 tenet
935 4242 1069 4305 terciam
1084 4246 1212 4325 partem
1229 4262 1286 4306 un.
1305 4242 1326 4306 f.
1343 4262 1387 4307 m.
1403 4243 1437 4305 in
1455 4243 1610 4309 Drama.

323 4409 397 4475 Duo
415 4410 483 4489 (ric)
500 4412 607 4493 partes
633 4427 689 4472 un.
706 4408 728 4473 f.
746 4428 790 4471 m.
809 4408 842 4469 in
867 4408 1011 4473 Drurwa
1036 4407 1077 4469 ad
1103 4427 1219 4470 manus
1243 4406 1366 4471 domini
1392 4408 1479 4492 regis
1502 4408 1705 4473 devenerunt
1723 4431 1780 4493 per

281 4504 427 4650 prffirpt
446 4496 576 4558 Ricardi
600 4493 790 4557 Hanlrelord
816 4501 851 4558 et
875 4494 998 4558 Thome
1028 4493 1139 4572 llulse,
1164 4506 1199 4558 et
1225 4496 1258 4556 in
1287 4514 1386 4558 manu
1408 4495 1534 4559 domini
1558 4498 1644 4581 regis
1669 4498 1778 4560 adhuc

325 4720 490 4785 lohannes
508 4718 670 4805 Kyghley,
688 4720 792 4798 miles,
810 4724 915 4797 tenet,
930 4740 986 4783 un.
1003 4720 1026 4783 f.
1045 4740 1088 4783 m.
1105 4720 1140 4782 in
1156 4721 1305 4785 Burrum.

324 4858 479 4923 Ricardus
493 4859 533 4920 dc
548 4857 580 4919 la
597 4856 687 4935 Bere,
704 4855 809 4933 miles,
825 4860 916 4919 tenet
932 4856 977 4919 di.
994 4857 1016 4916 f.
1035 4876 1078 4919 m.
1096 4857 1130 4917 in
1146 4857 1402 4923 Krmnnasnnr.

324 4991 465 5055 Thomas
479 4989 613 5071 Hopton
628 4993 720 5052 tenet
736 4987 781 5052 di.
799 4988 822 5051 f.
840 5008 884 5051 m.
901 4990 933 5049 in
955 4988 1139 5054 Srauurou.

323 5130 377 5195 Di.
395 5128 417 5192 l.
434 5149 478 5193 m.
495 5126 629 5189 devenit
650 5124 690 5187 ad
711 5144 826 5187 manus
842 5126 929 5209 regis
944 5127 1070 5190 ratione
1085 5127 1218 5189 minoris
1235 5129 1333 5192 etatis
1356 5128 1497 5207 Ricardi,
1512 5130 1604 5195 ducis
1628 5130 1781 5214 Eboraci,

284 5218 318 5283 in
333 5218 513 5283 Enasnoua
528 5224 564 5275 et
580 5214 804 5276 Kruorsnous.

324 5352 501 5427 Johannas,
515 5368 622 5413 comes
636 5346 676 5411 de
691 5346 918 5433 Huntingdon,
934 5352 1025 5413 tenet
1041 5370 1095 5413 un.
1113 5347 1134 5414 f.
1152 5370 1195 5412 m.
1212 5350 1246 5414 in
1264 5351 1456 5417 Parnacoo.

327 5494 466 5557 Thomas
480 5491 644 5568 Dounton,
659 5485 808 5571 armiger,
822 5492 917 5552 tenet
933 5506 989 5552 un.
1006 5488 1029 5555 f.
1046 5510 1090 5554 m.
1108 5488 1141 5555 in
1160 5490 1307 5557 Rumon.
