4117 6200
296 608 360 680 aaa
912 601 1171 682 HEREFORD.

338 901 501 969 Johaanes
516 904 676 988 Lurrteley
693 908 783 968 tanet
800 907 949 988 quartem
966 909 1093 988 partem
1108 925 1165 969 un.
1181 903 1205 969 f.
1223 926 1267 969 m.
1284 906 1318 966 in
1335 905 1440 970 anrv.

339 1040 501 1108 Joharrnes
516 1043 682 1125 Vyntenar
698 1045 790 1105 tenet
808 1045 957 1124 quartam
973 1047 1099 1124 partam
1116 1063 1172 1107 un.
1188 1040 1212 1108 f.
1229 1063 1273 1107 m.
1290 1042 1325 1106 in
1340 1043 1530 1108 Βιιιιιιιιιιι.

337 1181 519 1244 Willelmus
535 1178 721 1266 Lychefeld,
737 1181 841 1258 miles,
858 1177 1075 1275 ettiohannss
1091 1180 1184 1263 Wyss
1199 1184 1317 1243 tenent
1330 1199 1386 1244 un.
1403 1178 1427 1244 f.
1444 1199 1489 1244 m.
1505 1179 1541 1241 in
1555 1180 1742 1244 Assaarorv.

337 1319 476 1381 Thomas
492 1319 647 1383 Dounton
662 1321 754 1380 tenet
769 1317 813 1381 di.
831 1317 853 1381 f.
870 1337 914 1381 m.
931 1317 967 1380 in
982 1317 1121 1382 Horma.

339 1455 438 1540 Hugo
452 1456 611 1540 Moayton
627 1459 721 1518 tenet
735 1458 886 1537 quartam
901 1458 1028 1536 partem
1043 1474 1099 1518 un.
1116 1454 1139 1518 f.
1156 1474 1200 1519 m.
1217 1454 1251 1531 ip
1267 1453 1422 1527 Druvwa.

339 1592 521 1656 Willelmus
537 1591 696 1676 Grykctot
710 1595 805 1656 tanet
822 1595 971 1674 quartam
986 1594 1111 1676 partem
1127 1610 1183 1655 un.
1200 1590 1223 1655 f.
1239 1611 1283 1655 m.
1300 1591 1335 1668 in
1352 1591 1577 1659 Sasussrauu.

338 1727 502 1794 iohannes
517 1728 709 1794 Waldebsci
721 1732 813 1792 tenet
829 1733 979 1812 quartam
995 1733 1122 1812 partem
1137 1747 1194 1793 un.
1210 1726 1233 1792 f.
1250 1747 1294 1793 m.
1310 1729 1346 1791 in
1362 1727 1657 1801 Garsasunssrsor.

340 1865 504 1931 Johannas
519 1865 683 1931 Chabnore
697 1871 787 1930 tenet
802 1868 954 1948 quintam
968 1870 1097 1950 partam
1112 1886 1167 1930 un.
1183 1864 1206 1930 f.
1223 1885 1268 1930 m.
1284 1864 1320 1928 in
1336 1865 1495 1930 Hvussa.
1522 1847 1526 1854 ⁵

339 2005 505 2069 lohannes
521 2004 630 2088 Dygas
646 2007 740 2068 tanet
754 2005 798 2068 di.
816 2004 839 2068 f.
857 2024 901 2068 m.
918 2003 953 2065 in
970 2003 1160 2069 Luuasurrv.

337 2142 500 2206 Johannes
518 2140 674 2224 Merbury
690 2143 782 2204 tanet
796 2149 857 2201 1⁸⁰²
876 2143 1002 2223 partem
1023 2160 1079 2204 un.
1095 2139 1118 2204 f.
1136 2160 1181 2204 m.
1198 2139 1233 2201 in
1249 2139 1354 2204 Eros.

341 2277 486 2342 Ulterius
501 2277 617 2341 dicunt
631 2277 717 2362 quod
731 2296 794 2339 ιιοιι
811 2279 888 2339 sunt
903 2275 996 2359 plura
1013 2275 1105 2339 feoda
1119 2275 1265 2338 militum
1278 2276 1316 2337 'in
1331 2274 1498 2338 hundredo
1511 2275 1552 2338 de
1568 2275 1788 2357 Lecmynstre.

339 2413 501 2479 Johannas
515 2415 556 2478 ds
572 2415 639 2498 Ερε
655 2418 744 2478 tenet
768 2417 855 2476 certa
870 2417 970 2476 terras
985 2417 1020 2476 at
1036 2415 1226 2476 tenementa
1240 2433 1278 2475 ac
1291 2411 1454 2475 rcddittua
1468 2413 1504 2475 in
1519 2411 1593 2478 Eva
1607 2411 1693 2475 infra
1705 2412 1789 2474 hun-

295 2503 435 2565 dredum
457 2501 641 2590 predictum
664 2521 723 2584 per
745 2501 835 2564 aliud
859 2501 1031 2562 servicium
1052 2520 1150 2582 quarn
1172 2521 1231 2583 ρει
1245 2501 1414 2582 servicium
1430 2499 1584 2576 militare,
1603 2519 1666 2582 quc
1680 2497 1792 2562 valent
1804 2575 1817 2586 θ

294 2610 351 2672 ρει
367 2611 491 2653 annum
506 2590 541 2652 in
558 2588 708 2652 omnibus
723 2587 865 2652 exitibus
880 2587 966 2650 ultra
981 2587 1117 2669 reprisas
1234 2625 1245 2637 -
1377 2626 1389 2638 ·
1523 2625 1534 2637 ·
1667 2625 1678 2638 -
1722 2607 1788 2652 ca.

338 2725 521 2790 Willelmus
544 2725 634 2808 Moyl
661 2729 752 2789 terret
774 2728 863 2796 certa
887 2727 988 2787 terras
1010 2728 1046 2787 et
1067 2727 1254 2787 tenementa
1269 2722 1305 2785 in
1320 2724 1494 2789 Assauaorv
1510 2726 1545 2785 et
1567 2722 1790 2806 Laouvusraa

296 2834 353 2898 per
369 2813 458 2878 aliud
481 2814 652 2878 servicium
674 2816 736 2891 etc,
761 2832 824 2895 que
839 2811 950 2876 valeat
964 2831 1021 2894 per
1036 2830 1159 2874 annum
1181 2810 1216 2874 in
1231 2810 1382 2876 omnibus
1394 2809 1535 2874 exitibus
1550 2809 1636 2873 ultra
1653 2801 1791 2893 reprisaa

682 2913 685 2920 “
1720 2918 1788 2979 pa.

339 3037 386 3188 Edt
407 3036 551 3189 pltarius
580 3035 696 3100 dicunt
725 3035 811 3122 quod
839 3054 903 3101 nou
934 3039 1012 3099 sunt
1042 3033 1134 3119 plura
1170 3032 1263 3099 feoda
1292 3033 1439 3105 militum
1475 3032 1561 3099 inira
1596 3035 1790 3117 minitatum

296 3146 353 3209 ριε
377 3146 405 3190 rc
425 3145 490 3190 um.

340 3262 384 3325 Et
399 3260 485 3345 quod
500 3279 564 3325 non
579 3262 657 3324 sunt
679 3259 786 3342 plures
801 3260 896 3324 liberi
912 3262 1061 3323 tenentes
1081 3259 1139 3341 qui
1160 3262 1276 3322 tenant
1294 3258 1402 3341 aliqua
1423 3258 1580 3335 maneria,
1595 3264 1706 3347 terras,
1721 3260 1790 3341 sira

295 3353 483 3413 mnamanta
508 3348 593 3411 inira
619 3348 813 3411 comitatum
842 3346 1025 3429 pradictum
1055 3366 1112 3429 ρει
1135 3346 1262 3409 minora
1288 3345 1420 3409 servicia
1445 3366 1544 3428 quam
1573 3367 1632 3430 per
1657 3347 1791 3411 servicia

297 3436 462 3514 militaria,
476 3456 539 3528 qua
554 3434 662 3513 valant
679 3455 736 3519 ρει
750 3454 871 3513 annum
886 3434 922 3497 in
938 3433 1091 3516 omuibus
1105 3433 1247 3499 exitibus
1262 3432 1349 3496 ultra
1363 3434 1501 3525 reprisas
1519 3473 1530 3484 -
1664 3474 1675 3486 ·
1719 3455 1748 3499 c.
1761 3458 1789 3500 a.

339 3570 428 3653 Item
454 3569 569 3633 dicunt
594 3567 677 3651 quod
706 3566 797 3631 nulla
823 3576 901 3630 sunt
926 3568 1082 3648 maneria,
1107 3571 1203 3644 tarra,
1230 3587 1334 3651 nequa
1365 3571 1554 3630 tenementa
1579 3567 1615 3629 in
1640 3565 1791 3650 manibus

296 3677 506 3743 personarum
530 3653 751 3739 spiritualium
781 3654 981 3732 amortisata,
1000 3655 1066 3718 siva
1091 3655 1126 3718 in
1152 3654 1302 3718 manibus
1328 3653 1531 3719 feoffatcrum
1559 3653 1600 3717 ad
1630 3674 1724 3717 usum
1755 3659 1789 3717 et

296 3744 476 3829 proficuum
501 3743 675 3807 earundem
700 3761 908 3825 personarum
934 3742 1167 3825 spiritualium,
1182 3740 1268 3805 intra
1282 3742 1475 3823 comitatum
1501 3741 1681 3827 pppdictum
1696 3745 1790 3822 tanta

296 3853 353 3917 ρει
368 3831 542 3905 servicium
556 3829 700 3893 militare
715 3849 800 3893 anno
815 3839 870 3892 ιι0
883 3826 1069 3915 E[dwardi]
1091 3830 1187 3913 primi
1201 3849 1262 3893 nec
1276 3834 1397 3913 postca.

341 3968 386 4032 Et
400 3968 485 4051 quod
501 3966 591 4031 nulla
607 3970 684 4031 sunt
698 3968 853 4047 maneria,
870 3970 965 4044 terre,
979 3986 1085 4049 neque
1100 3971 1286 4030 tenementa
1300 3964 1386 4029 infra
1400 3966 1593 4030 comitatum
1608 3965 1788 4052 predictum

297 4057 333 4119 in
360 4056 509 4119 manibus
545 4055 708 4118 dictarum
745 4073 954 4137 personarum
984 4053 1205 4136 spiritualium
1241 4055 1440 4132 amortisata,
1465 4054 1532 4116 siva
1567 4055 1603 4116 in
1639 4052 1789 4116 manibus

297 4143 500 4207 ieoffatorum
525 4142 564 4205 ad
589 4162 684 4205 usum
709 4146 744 4204 at
767 4140 945 4227 proficuum
960 4139 1134 4219 earundem
1150 4160 1358 4224 personarum
1373 4140 1603 4224 spiritualium,
1618 4145 1711 4203 tenta
1731 4160 1790 4222 per

296 4230 385 4295 aliud
411 4230 583 4293 servicium
606 4248 705 4311 quam
729 4249 784 4310 per
811 4226 981 4294 servicium
997 4227 1150 4307 militare,
1166 4248 1229 4311 qua
1245 4229 1355 4292 valent
1377 4247 1572 4312 perannum
1587 4228 1622 4290 iu
1637 4227 1789 4290 omnibus

295 4318 437 4383 exitibus
451 4316 539 4381 ultra
553 4316 688 4399 reprisas
703 4336 730 4379 c.
740 4338 767 4381 a.
785 4320 880 4399 prout
896 4315 930 4377 iu
946 4315 1171 4380 commissione
1186 4312 1262 4381 huic
1276 4317 1490 4400 inquisiciouc
1504 4319 1640 4379 consuta
1660 4313 1790 4396 planius

298 4404 514 4490 specificatur.

341 4542 382 4613 In
397 4541 489 4627 cujus
504 4540 550 4605 rei
566 4544 629 4605 etc.
675 4538 800 4604 Datum
817 4539 872 4602 dia
888 4544 922 4603 et
937 4558 1021 4605 anno
1036 4539 1241 4623 supradictis.

838 4726 1088 4802 HEREFORD
1111 4748 1246 4795 c1v1ras.

343 4868 518 4957 luquisicio
532 4870 628 4950 capta
653 4864 777 4930 ibidem
792 4886 898 4931 coram
920 4865 1063 4931 Robarto
1078 4864 1260 4949 Whitmey,
1275 4865 1395 4943 milite,
1409 4863 1556 4949 iohanne
1570 4862 1734 4943 Merbury,
1752 4864 1789 4923 at

298 4958 435 5023 Ricardo
450 4955 491 5019 de
506 4954 537 5020 la
551 4954 654 5032 Mara,
668 4954 845 5037 armigeris,
864 4954 1148 5017 commissionariis
1162 4953 1286 5016 domini
1307 4955 1403 5037 regis,
1418 4952 1472 5015 die
1490 4950 1622 5033 Sabbati
1643 4949 1789 5047 prpripro

298 5040 825 5215 pugumuespprrnmsraauncgqtffiuuai
851 5060 935 5103 anno
961 5040 1055 5125 regni
1079 5040 1163 5124 regis
1194 5039 1330 5104 Hearici
1359 5040 1442 5105 sexti
1471 5042 1544 5122 post
1574 5040 1788 5118 conquestum

343 5269 477 5333 Henrici
492 5263 727 5350 Ghippeuham.
843 5264 974 5328 Ricardi
989 5262 1128 5343 Palam,
1143 5264 1285 5329 sanioris.
1341 5262 1464 5327 'l'h0me
1479 5261 1577 5327 Ηοιε.

342 5354 503 5425 iohannis
517 5354 647 5418 Fuster.
842 5351 994 5415 Nicholai
1009 5350 1104 5417 Falk.
1342 5350 1491 5414 DavidP
1533 5370 1562 5413 e.

343 5444 500 5509 Willelmi
514 5440 669 5525 Byryton.
842 5438 973 5502 Ricardi
988 5436 1105 5503 Grana.
1341 5438 1500 5501 iohannis
1542 5432 1700 5519 aughlull.

342 5532 460 5617 Rogeri
474 5527 619 5613 Collyag.
841 5524 1000 5590 iohannis
1015 5526 1138 5611 Gclyar.
1343 5522 1663 5599 WilleImiNevvton,
1678 5520 1765 5603 dyer.

1345 5608 1506 5676 iohannis
1520 5610 1736 5694 vaaynaston.

297 5708 417 5773 civium
432 5702 576 5769 civitatis
590 5700 744 5785 predicte.
