4117 6200
903 641 986 708 Al).
1011 643 1106 708 1846.
1686 645 1748 714 327

252 925 453 1080 ΒΒοὲήω
467 925 601 1012 Mmlyn
615 929 709 993 tenet
723 928 759 993 in
774 927 1000 999 Bouneima
1015 929 1084 995 ixm
1100 933 1227 1015 perlem
1246 929 1274 1016 j.
1291 929 1314 997 l.
1341 949 1406 1016 que
1429 928 1497 996 fuit
1521 929 1681 999 iohannis
1705 931 1746 996 de

279 1034 336 1099 yse
371 1061 381 1082 .

294 1149 410 1217 comes
424 1151 568 1220 Devenie
582 1155 675 1219 leuel
688 1154 726 1219 in
741 1153 930 1224 Beommons
945 1154 991 1222 di.
1008 1155 1031 1222 l'.
1048 1154 1133 1240 quod
1149 1154 1215 1220 luit
1229 1153 1378 1240 Hugonis
1394 1153 1435 1220 de
1451 1152 1644 1240 Oourteney.

293 1291 476 1358 willelmus
489 1291 578 1357 filius
592 1291 751 1357 willelmi
765 1293 911 1359 Gerberd
925 1295 1018 1359 tenet
1031 1292 1067 1358 in
1083 1292 1201 1363 Nosses
1217 1293 1441 1362 omnemne
1455 1293 1526 1378 iij⁸¹²
1539 1298 1667 1379 perlem
1677 1292 1705 1377 j.
1722 1292 1747 1360 f.

252 1378 339 1463 quod
352 1380 419 1444 fuit
432 1379 592 1446 Johennis
606 1379 761 1448 Gerberd.

294 1517 472 1583 Mauricius
486 1518 517 1583 le
532 1516 644 1603 Bmyn
659 1523 753 1585 tenet
768 1521 804 1585 in
819 1519 964 1589 Msem
979 1526 1014 1587 et
1029 1521 1146 1590 Fosne
1161 1522 1206 1588 di.
1223 1522 1247 1588 i.
1264 1521 1350 1606 quod
1364 1519 1430 1586 fuit
1446 1521 1553 1587 Isolde
1568 1521 1601 1586 le
1624 1520 1747 1604 Bruyn.

251 1742 278 1805 Τ
293 1655 456 1722 Wellerus
471 1659 540 1722 elle
555 1655 668 1742 Burgh
682 1660 774 1723 leuel
790 1659 825 1722 in
850 1659 1058 1729 Sesouevum
1072 1658 1165 1745 vlijffl
1190 1664 1318 1745 perlem
1337 1659 1365 1745 j.
1382 1661 1405 1726 i.
1422 1661 1508 1746 quod
1534 1660 1599 1725 fuit
1623 1658 1748 1723 Thome

279 1764 396 1809 essem.

294 1882 450 1948 Riemdus
473 1883 637 1970 Reysoun,
651 1884 817 1951 Johennee
841 1885 873 1951 le
898 1885 1032 1966 Monek,
1058 1886 1220 1953 Johennes
1245 1886 1370 1972 Sprake
1395 1891 1430 1951 et
1456 1884 1596 1952 cristine
1621 1885 1747 1950 Bouere

251 1973 424 2073 tenenlim
451 1971 545 2040 Ovem
567 1973 724 2041 Bonam
747 1973 822 2058 iijffl
845 1979 972 2058 partem
1001 1995 1057 2042 un.
1082 1975 1115 2054 i.¹
1136 1996 1200 2060 que
1224 1976 1289 2040 fuit
1314 1973 1480 2059 Redulphi
1505 1979 1576 2041 alte
1592 1973 1700 2040 Beche
1714 1979 1749 2038 et

251 2078 509 2142 pereenenorum
525 2081 669 2129 suorum.

254 2195 537 2346 I>Bartholomeus
564 2197 799 2264 Pouneherdon
822 2203 917 2266 leuel
943 2200 979 2264 in
1003 2198 1194 2269 Eumenem
1221 2200 1267 2268 di.
1292 2200 1316 2267 f.
1344 2199 1429 2284 quod
1459 2199 1525 2264 fuit
1556 2198 1689 2264 Ricardi
1718 2199 1749 2264 le

285 2304 452 2369 espeneer.

294 2420 459 2489 Johennee
473 2424 584 2512 Auget
596 2428 688 2491 leuel
702 2426 737 2490 in
752 2425 901 2494 Rumon
917 2425 1004 2511 iiij⁸¹¹¹
1018 2430 1147 2510 perlem
1162 2447 1218 2493 un.
1234 2425 1258 2493 l.
1275 2426 1360 2512 quod
1375 2425 1439 2492 fuit
1456 2427 1591 2492 Henriei
1607 2426 1726 2513 Auges.

295 2562 459 2629 Johennes
473 2564 514 2629 de
529 2564 561 2628 la
576 2565 656 2630 Bere
670 2569 705 2630 ei
721 2565 903 2630 Willelmus
917 2567 960 2632 de
975 2566 1145 2652 Melebury
1159 2569 1273 2632 tenent
1287 2566 1321 2632 in
1338 2565 1460 2634 Ismslm
1475 2566 1520 2632 di.
1539 2565 1563 2634 f.
1580 2566 1667 2651 quod
1685 2566 1750 2631 fuit

252 2649 411 2716 Johennis
425 2651 648 2718 Netherevene
662 2658 698 2718 el
712 2652 872 2718 Johennis
887 2654 981 2723 Bere.

253 2789 478 2942 MWlillelmus
493 2790 655 2856 Botreeux
670 2794 760 2856 tenet
773 2790 809 2855 in
830 2790 1007 2862 Rocmsm
1021 2790 1108 2877 iiij·m
1121 2794 1248 2876 perlem
1268 2789 1296 2877 j.
1312 2790 1336 2860 l.
1354 2811 1415 2876 que
1439 2788 1504 2856 lull
1528 2787 1687 2856 Johennis
1710 2789 1751 2856 de

292 2897 330 2944 oe
342 2899 389 2947 es.

294 3016 401 3084 llbbes
415 3016 456 3085 de
469 3016 561 3085 Bello
575 3017 662 3084 Loeo
676 3021 769 3086 tenet
782 3019 819 3085 in
835 3019 930 3090 Oves
944 3018 1103 3088 Bueeem
1118 3018 1154 3084 in
1168 3021 1356 3105 perpetuam
1372 3017 1582 3086 elemosinam
1599 3015 1622 3103 j.
1638 3016 1663 3086 l.

297 3157 387 3227 Item
400 3159 526 3241 dieunt,
540 3160 628 3248 quod
641 3160 678 3225 in

660 3440 663 3443 ἱ
725 3350 917 3419 Hmimumo
940 3370 984 3418 ns
1005 3346 1270 3417 RYNGWODE.

255 3486 460 3644 Astsshm
475 3489 516 3557 de
530 3490 637 3557 leton
651 3493 743 3559 leuel
756 3491 793 3556 in
807 3490 962 3559 Pemos
977 3487 1052 3573 iij'm
1066 3491 1193 3572 perlem
1208 3506 1265 3555 en.
1281 3484 1306 3554 l.
1322 3484 1410 3573 quod
1435 3483 1503 3552 fuit
1528 3482 1550 3552 J
1551 3482 1688 3551 ohannis
1712 3484 1752 3550 de

285 3599 303 3643 e
337 3600 372 3647 n.

297 3717 460 3783 Henrieus
474 3717 605 3784 Peverel
621 3722 714 3784 tenet
726 3719 762 3782 in
776 3718 892 3784 eedem
906 3717 984 3783 ville
998 3721 1072 3801 111⁸*
1085 3718 1213 3801 perlem
1228 3734 1283 3781 un.
1299 3714 1324 3781 f.

299 3854 461 3923 Johennes
475 3855 647 3943 Neymuyt
661 3861 753 3924 tenet
767 3858 802 3921 in
818 3856 931 3923 eedem
946 3858 1024 3922 ville
1038 3855 1113 3942 fij...
1126 3858 1255 3940 perlem
1271 3872 1328 3920 un.
1346 3853 1371 3921 f.

299 3994 387 4060 Item
401 3994 530 4077 dieunt,
544 3995 632 4080 quod
645 3995 680 4060 in

660 4242 664 4247 -
735 4207 928 4274 Hemeseo
950 4227 995 4274 me
1017 4202 1265 4275 RUDBRIGG.

256 4343 406 4498 vwillike?
420 4344 606 4496 ᾱεμὲιὶοὶο
620 4346 711 4408 leuel
725 4344 762 4408 in
776 4342 1002 4411 Teessswoee
1013 4345 1048 4407 et
1059 4340 1310 4421 'semeromin
1324 4341 1513 4424 perpetuam
1528 4336 1751 4419 elemosinam,

325 4454 347 4517 p
400 4451 452 4498 em
462 4452 490 4517 J.
523 4479 531 4500 .

261 4657 268 4670 Ι
296 4568 474 4724 &beleus
487 4568 658 4721 (lilugeden,
672 4568 836 4634 Wellems
850 4568 951 4649 Nhot,
966 4566 1123 4633 Rieerdus
1142 4566 1229 4633 filius
1243 4565 1374 4632 Riserdi
1389 4568 1459 4629 elle
1474 4563 1619 4647 Hengre,
1634 4566 1750 4629 tenent

257 4676 293 4718 m
363 4678 472 4725 penes
509 4678 532 4723 ι.
564 4706 573 4723 .

302 4795 441 4882 Egidius
455 4796 497 4861 de
511 4796 629 4862 Pelion
645 4799 736 4864 tenet
751 4797 787 4862 in
802 4796 898 4867 Osee
913 4794 989 4881 vj¹·¹¹
1004 4800 1130 4881 partem
1140 4794 1168 4881 j.
1185 4793 1209 4863 f.
1227 4794 1314 4879 quod
1329 4793 1396 4859 fuit
1409 4790 1566 4857 Willelmi
1580 4788 1683 4859 colel.

299 4934 439 4999 Thomas
453 4933 545 5000 West
559 4938 651 5001 tenet
664 4936 700 5001 in
718 4935 827 5006 Sionis
840 4934 921 5021 xij⁸'¹
935 4939 1063 5021 perlem
1079 4954 1135 5002 un.
1151 4932 1176 5002 l.
1194 4931 1280 5019 quod
1296 4932 1362 4998 luit
1378 4931 1519 4997 Emeriei
1543 4928 1582 4995 de
1596 4928 1752 4998 Valeuns.

302 5071 387 5139 Item
403 5072 528 5153 dicuni,
542 5071 629 5158 quod
642 5072 679 5138 in

680 5286 873 5358 Husueseo
897 5287 1079 5359 CHRISTI
1101 5286 1337 5360 ECCLESIE.

257 5517 284 5580 Τ
300 5428 462 5584 Q?
477 5426 661 5495 Treneherd
676 5428 819 5497 tenelle
833 5428 1024 5498 Hoennum,
1039 5434 1076 5495 el
1093 5428 1259 5499 Suessam
1274 5426 1320 5493 di.
1345 5426 1368 5493 l.
1395 5425 1480 5509 quod
1506 5422 1572 5488 luit
1594 5421 1753 5489 iohannis

286 5536 362 5586 tenc
386 5539 425 5584 et
449 5564 458 5586 .
