4117 6200
925 600 1006 668 AJ).
1033 602 1127 667 1303.

319 893 481 959 Johnnnes
496 894 537 959 de
553 892 742 959 Roohefford
757 898 850 959 tenet
864 894 900 958 in
915 894 1149 972 Roonnrroum
1166 913 1222 978 per
1236 892 1401 957 baroniam
1416 911 1472 958 un.
1489 890 1512 955 f.

319 1031 479 1097 Robertus
504 1032 592 1097 filius
618 1032 755 1097 Walteri
779 1036 871 1099 tenet
896 1034 931 1097 in
959 1033 1198 1103 Sonoasnouns
1227 1032 1499 1110 (Suoernsusna),
1526 1048 1582 1113 per
1607 1027 1772 1093 baroniam

277 1140 331 1183 un.
347 1119 369 1184 f.
418 1120 471 1200 (ln
486 1140 585 1184 manu
601 1121 767 1185 senescalli
781 1122 892 1207 regis).

319 1255 459 1321 Thomas
485 1258 527 1323 de
552 1256 709 1323 Stodham
743 1256 925 1347 [Stooham]
946 1263 1038 1324 tenet
1061 1258 1149 1343 apud
1176 1258 1326 1326 sonore
1352 1260 1388 1321 et
1413 1256 1625 1322 Pnunnenwe
1647 1251 1773 1341 [Paua-

275 1342 446 1431 nsanwn],
460 1366 517 1429 per
531 1345 696 1411 baroniam
712 1346 776 1411 duo
791 1347 814 1410 f.

322 1483 546 1562 (Pnuuusswn
572 1485 607 1548 in
631 1506 730 1549 manu
755 1485 881 1549 domini
904 1485 1088 1551 cancellarii
1113 1485 1210 1569 regis.
1255 1484 1299 1548 xl.
1323 1508 1350 1550 a.
1377 1483 1418 1548 de
1442 1482 1490 1566 iij.
1514 1484 1548 1549 li.
1572 1480 1650 1546 bila
1675 1479 1707 1545 J.
1731 1480 1774 1543 de

275 1569 471 1656 Wenegrave
486 1570 529 1656 vj.
542 1594 568 1637 a.
585 1572 646 1637 sub
660 1572 767 1657 sigillo
781 1594 850 1653 suo,
865 1578 900 1637 et
913 1578 1082 1639 remanent
1095 1571 1222 1656 xxxiiij.
1238 1577 1292 1651 a).

325 1704 502 1795 [Johannes
517 1706 651 1796 Spring]
677 1709 841 1797 (Spryng),
857 1712 962 1776 Alioia
980 1710 1021 1777 de
1042 1711 1134 1776 Bello
1155 1710 1282 1789 Monte,
1304 1706 1398 1796 [uxor
1418 1704 1523 1794 ejus],
1539 1710 1574 1771 et
1588 1706 1774 1770 Willelmus

274 1794 314 1859 de
328 1796 513 1883 Haverberg
531 1797 765 1877 (Haverberue)
784 1804 897 1865 tenent
911 1820 968 1884 per
986 1799 1152 1865 baroniam
1176 1802 1413 1876 tenementum,
1427 1796 1514 1878 quod
1539 1794 1707 1859 Gilbertus
1732 1794 1774 1858 de

276 1953 284 1970 ,
334 1931 342 1948 .
388 1932 397 1949 .
444 1932 453 1952 .
498 1886 608 1950 tenuit
622 1886 657 1949 in
672 1885 750 1951 villa
764 1887 806 1951 de
821 1887 979 1953 Rsrnnan
1001 1883 1159 1973 [Rnano']
1184 1886 1392 1965 (Barasasa)
1410 1903 1466 1949 un.
1482 1881 1507 1949 f.

324 2017 471 2109 [Petrus]
491 2023 533 2087 de
548 2022 666 2109 Savery
679 2028 768 2089 tenet
791 2026 920 2090 invilla
944 2024 983 2089 de
1008 2026 1190 2091 Rsuasrns
1212 2019 1394 2111 [Rae-men]
1416 2042 1472 2106 per
1496 2020 1673 2087 baroniam.
1722 2019 1774 2099 (In

274 2126 374 2172 manu
388 2112 473 2194 regie
487 2131 546 2194 per
560 2111 665 2191 breve)
684 2132 740 2177 un.
758 2113 781 2178 f.

318 2245 460 2311 Heredes
475 2247 496 2310 J
498 2247 588 2313 acobi
603 2248 643 2313 de
658 2249 808 2315 Estwode
823 2254 940 2315 tenent
953 2252 990 2314 in
1005 2251 1169 2318 Esnwone
1184 2271 1241 2335 per
1254 2250 1421 2316 baroniam
1436 2266 1492 2313 un.
1509 2245 1533 2313 f.

325 2380 497 2559 [Rogerusfl
530 2384 774 2472 Chaimberleyn
805 2385 1085 2475 [Chaumberlain]
1122 2387 1376 2473 (Chambirleyn)
1410 2390 1503 2451 tenet
1529 2386 1565 2449 in
1592 2387 1773 2452 Asnenosa

280 2467 472 2557 [Assnnnos
514 2474 729 2554 (Assnmnos)
747 2496 806 2559 per
821 2476 986 2541 baroniam
1002 2497 1057 2541 un.
1074 2476 1098 2541 f.

321 2610 382 2690 (W.
399 2612 440 2677 de
454 2609 535 2677 Garl’
549 2616 689 2678 testatur
703 2615 789 2699 quod
804 2614 869 2680 due
882 2618 990 2699 partes
1005 2615 1084 2679 inde
1098 2619 1175 2679 sunt
1189 2615 1225 2678 in
1241 2613 1323 2678 Sufl'
1336 2616 1370 2679 et
1384 2615 1485 2679 tercia
1500 2612 1576 2691 hio.)

318 2750 417 2836 llugo
431 2752 471 2816 de
486 2752 518 2815 N
519 2753 601 2819 evile
619 2754 661 2833 (N
663 2754 769 2833 eville)
788 2758 880 2819 tenet
894 2755 930 2819 in
946 2755 1055 2821 Psava
1069 2754 1277 2823 ulammaus
1294 2750 1532 2841 [tvsmsmoo]
1540 2772 1595 2837 per
1608 2751 1775 2817 baroniam

275 2856 331 2903 un.
348 2837 372 2903 i.
421 2839 475 2918 (xl.
492 2862 518 2906 a.
535 2840 567 2906 J.
583 2841 624 2905 de
641 2841 837 2927 Wenegrave
852 2842 974 2927 reoepit
987 2863 1045 2927 per
1058 2862 1174 2907 manus
1187 2842 1269 2907 dioti
1283 2839 1428 2920 Thome.)

318 2976 481 3043 Johannes
495 2978 536 3043 de
551 2979 693 3064 Apelton
712 2981 888 3066 (Apiltone)
907 2985 1001 3047 tenet
1015 2982 1051 3045 in
1067 2981 1275 3049 Cauewnnou
1290 3001 1349 3065 per
1362 2980 1529 3045 baroniam
1543 3002 1600 3047 un.
1616 2981 1641 3047 f.

318 3115 480 3181 Tenentes
495 3118 664 3202 ,quondam
688 3118 845 3184 Johennis
867 3123 907 3184 de
929 3121 1070 3185 Lovetot
1094 3122 1130 3185 in
1151 3121 1273 3188 Manus
1297 3122 1504 3190 Wanaamon
1531 3117 1769 3206 [wasemes]

274 3207 391 3269 tenent
404 3211 554 3288 quartem
569 3211 697 3291 partem
711 3228 766 3273 un.
780 3209 803 3274 f.
820 3215 853 3274 et
869 3213 921 3274 est
936 3209 972 3272 in
987 3228 1087 3273 manu
1101 3209 1226 3272 domini
1240 3209 1335 3294 regis.
1387 3209 1442 3288 (In
1457 3227 1556 3272 manu
1571 3205 1774 3272 thesaurarii.

274 3288 505 3358 Thesaurariua
519 3298 636 3374 tenet.)

318 3425 489 3514 Philippus
504 3430 628 3496 Pertrin
649 3430 804 3522 [Partriz]
830 3433 995 3516 (Parterin)
1013 3437 1104 3498 tenet
1118 3433 1154 3497 in
1172 3433 1301 3505 Somou
1315 3452 1372 3518 per
1386 3432 1551 3498 baroniam
1597 3429 1606 3501 ’.
1652 3479 1663 3500 .
1708 3479 1718 3499 .
1764 3479 1774 3500 .

281 3515 354 3605 [pro
368 3517 472 3583 tribus
487 3520 635 3604 partibus
649 3541 705 3586 un.
722 3517 779 3608 f.].

317 3655 405 3832 ltppa
419 3657 591 3745 Philippus
606 3663 693 3726 tenet
708 3661 743 3724 in
765 3660 927 3730 Esnwoon
949 3681 1005 3746 per
1029 3661 1195 3726 baroniam
1241 3709 1249 3726 .
1296 3710 1305 3727 .
1353 3710 1361 3727 .
1408 3709 1417 3725 .
1470 3657 1543 3747 [pro
1570 3663 1660 3726 mi&
1683 3661 1776 3744 Ραῐῐθ

275 3763 332 3811 un.
363 3793 405 3812 .,
531 3803 541 3816 .
678 3805 685 3816 .

318 3883 503 3950 willelmus
538 3884 569 3949 le
605 3883 730 3950 Botiler
758 3889 850 3950 tenet
886 3887 921 3950 in
960 3887 1202 3955 Parnassum
1237 3881 1488 3974 [Pamaawnnn]
1521 3905 1580 3970 per
1608 3884 1776 3951 baroniam

277 4015 286 4039 .
333 4021 341 4038 .
389 4022 397 4037 .
445 4022 453 4037 .
506 3969 580 4059 [pro
594 3977 709 4056 quarta
723 3979 815 4057 parte
830 3993 886 4041 un.
903 3971 960 4061 f.].

318 4109 461 4176 Heredes
497 4111 664 4176 Laurentii
700 4100 823 4177 Hardel
859 4119 894 4176 et
930 4109 1097 4178 Johannes
1133 4112 1311 4178 Goldwelle
1347 4117 1462 4178 tenent
1499 4112 1535 4175 in
1566 4111 1775 4181 emanator

282 4193 476 4284 [Caranon]
527 4247 536 4266 .
584 4249 591 4264 .
639 4249 646 4264 .
695 4248 702 4265 .
755 4196 828 4286 [pro
841 4206 958 4284 quarta
971 4205 1065 4284 parte
1079 4220 1136 4266 un.
1151 4198 1210 4287 s.].

318 4335 479 4402 Tenentes
493 4336 515 4400 J
516 4337 651 4400 ohannis
665 4337 707 4400 de
722 4338 845 4422 Lyceus
862 4335 1017 4425 [Lyoous]
1038 4338 1192 4422 (Lyouns)
1210 4340 1245 4401 in
1261 4311 1484 4404 Roonnssonn
1499 4341 1612 4402 tenent
1626 4341 1776 4421 quartam

274 4429 401 4505 partem
424 4445 481 4490 un.
498 4425 521 4489 f.
541 4429 583 4504 (r.
600 4448 627 4490 a.
644 4422 675 4490 J.
693 4424 734 4489 de
757 4425 976 4512 Bassingburn
999 4426 1123 4509 recepit
1138 4446 1168 4490 v.
1184 4449 1211 4491 a.
1229 4432 1262 4490 et
1286 4425 1319 4492 J.
1346 4425 1385 4488 de
1401 4424 1580 4510 Wengrave
1606 4445 1636 4489 r.
1663 4447 1689 4489 a.
1715 4444 1773 4508 per

274 4529 390 4574 manus
406 4511 551 4595 ejusdem
566 4510 711 4590 Thome.)

318 4648 464 4714 Heredes
477 4649 610 4714 Henriei
626 4650 782 4736 Grapinel
797 4655 912 4716 tenent
933 4652 968 4716 in
991 4651 1232 4718 Parrsnswsnn
1253 4647 1504 4738 [Perrsawnna]
1525 4670 1584 4735 per
1608 4649 1774 4715 baroniam

279 4736 398 4800 erciam
414 4743 544 4822 partem
559 4757 615 4805 un.
631 4738 655 4803 f.

316 4873 601 5028 PthilippusfSerle
624 4881 716 4942 tenet
741 4877 777 4941 in
802 4877 1044 4946 Parannswnnn
1073 4879 1338 4959 (Parasawsnne)
1363 4897 1421 4962 per
1449 4877 1618 4943 baroniam
1648 4881 1775 4942 sextam

275 4982 332 5047 par
347 4983 399 5028 em
413 4983 470 5030 un.
502 5011 511 5031 .

320 5103 372 5181 (In
388 5100 686 5182 ‹immol-Summe
712 5099 831 5186 xxxvij.
859 5101 893 5170 li.
915 5104 958 5188 vj.
986 5128 1012 5169 a.
1036 5103 1106 5188 viij.
1123 5105 1154 5169 d.
1171 5105 1360 5188 proveniens
1374 5103 1416 5168 de
1461 5150 1470 5171 .
1518 5153 1526 5170 .
1575 5154 1583 5171 .
1631 5151 1639 5168 .
1684 5106 1775 5166 sexta

623 5195 714 5274 parte
730 5211 785 5256 un.
802 5192 826 5256 f.

716 5325 865 5416 [Summa
877 5327 997 5412 reoepti
1012 5350 1044 5395 x.
1060 5330 1095 5395 li.
1111 5350 1142 5394 x.
1159 5327 1202 5418 a]
