4117 6200
325 555 367 619 66
972 545 1161 613 Dousu‘r.

371 771 421 839 De
451 770 604 837 Johanne
642 771 683 838 de
716 771 815 840 Novo
853 773 973 860 Burgo,
1001 773 1133 852 seniori,
1163 793 1223 861 pro
1260 770 1343 858 iij.
1372 772 1525 861 portibus
1554 795 1610 839 un.
1640 772 1664 838 f.
1695 772 1732 838 in
1762 771 1830 837 Fer

325 859 576 938 LUuLuwoaufl,
591 882 655 946 que
670 864 837 948 quondam
852 864 988 930 fuerunt
1002 862 1167 930 Johanois
1183 862 1399 951 Newbourgh
1517 899 1533 912 -
1578 862 1637 950 iiij.
1649 883 1672 929 s.
1689 885 1719 927 v.
1731 861 1766 928 d.
1782 874 1830 946 φ.

371 978 421 1043 De
447 978 601 1044 Johanne
629 977 808 1066 Ghyverell
835 1001 896 1066 pro
920 979 1006 1066 iiijie.
1033 983 1130 1065 parte
1150 978 1175 1064 j.
1202 978 1226 1044 f.
1253 979 1291 1043 in
1318 978 1435 1045 Srouu
1463 978 1592 1045 Sertori
1615 978 1767 1043 Annum
1793 981 1829 1042 et

327 1068 570 1141 Butuntum,
586 1088 651 1152 que
680 1069 848 1155 quondam
879 1067 947 1135 fuit
972 1069 1129 1134 Willelmi
1152 1068 1268 1145 scoke,
1294 1069 1408 1146 nichil,
1440 1068 1520 1154 quic
1547 1068 1713 1134 dividitur
1738 1066 1829 1131 inter

326 1158 512 1244 predictum
528 1155 552 1222 J
554 1160 719 1226 ohannem
735 1163 770 1224 et
785 1159 946 1225 Thomam
961 1157 1109 1243 Wo(r)th
1125 1159 1314 1246 separatim,
1326 1159 1414 1225 sicut
1428 1159 1619 1225 continetur
1632 1158 1669 1222 iu
1685 1155 1827 1243 quadem

326 1248 544 1334 inquisicione
583 1251 660 1316 inde
690 1270 800 1315 coram
838 1246 979 1336 prelatis
1017 1247 1246 1316 collectoribus
1284 1253 1390 1335 capta,
1420 1269 1522 1335 penes
1559 1247 1620 1314 has
1647 1245 1827 1334 particulas

328 1343 519 1403 remanente
683 1373 697 1387 -
876 1373 891 1386 ·
1070 1373 1086 1386 ·
1264 1375 1278 1392 ·
1459 1374 1472 1388 ·
1649 1373 1665 1388 ·
1709 1333 1831 1402 Nichil.

372 1453 424 1519 De
440 1454 551 1522 David
567 1455 770 1542 Servington
792 1473 853 1540 pro
868 1468 916 1520 xe.
932 1457 1028 1540 perte
1042 1474 1098 1519 un.
1114 1453 1138 1520 f.
1153 1453 1190 1517 in
1205 1452 1553 1540 composque
1575 1450 1742 1540 quondam
1763 1449 1832 1516 fnit

327 1541 351 1607 J
351 1544 492 1610 ohannis
508 1545 640 1632 Maury,
656 1543 768 1623 nichil,
784 1543 863 1629 quia
878 1549 992 1610 contra
1009 1542 1151 1610 formam
1166 1543 1393 1610 conoessionis

373 1660 426 1724 De
456 1659 578 1726 abbate
608 1661 649 1726 de
674 1657 781 1728 cerne
804 1680 867 1746 pro
893 1657 975 1746 iij.
999 1658 1022 1725 f.
1046 1660 1083 1723 in
1107 1657 1319 1724 Prummu
1345 1665 1380 1725 et
1395 1659 1463 1724 ΕΜ
1484 1657 1737 1734 Woanassonn,
1764 1675 1830 1742 que

327 1749 572 1835 predecessores
598 1750 670 1835 ejus
696 1752 886 1826 tenuerunt,
902 1748 1014 1826 nichil,
1029 1749 1109 1835 quia
1135 1749 1238 1816 solvit
1263 1749 1335 1838 regi
1361 1763 1447 1814 xm.
1471 1769 1531 1835 pro
1547 1749 1680 1825 eisdem,
1695 1745 1828 1833 quando

327 1839 397 1926 regi
413 1841 638 1906 conceduntur
653 1839 690 1904 in
705 1839 866 1906 comitatu
882 1839 1031 1925 predicto
1077 1877 1091 1889 -
1226 1875 1239 1889 ·
1374 1876 1390 1888 -
1433 1838 1547 1904 Nichil
1563 1835 1701 1923 [anecd.
1745 1834 1831 1900 Note

1229 1927 1520 2015 Superonersntur
1534 1928 1576 1993 de
1591 1927 1661 2013 xiij.
1673 1948 1697 1992 a.
1713 1924 1771 2009 iiij.
1783 1923 1829 2009 cl]

371 2043 423 2108 De
460 2043 581 2109 abbate
619 2042 659 2108 de
698 2041 883 2108 llliddelton
914 2065 974 2130 pro
1004 2043 1065 2128 xij.
1096 2047 1192 2129 parte
1218 2041 1242 2128 j.
1273 2043 1299 2107 f.
1329 2043 1367 2108 in
1396 2044 1686 2118 Ureusrrrcsrun,
1729 2060 1830 2126 quam

326 2133 570 2220 predecessores
586 2132 657 2216 ejus
672 2137 854 2198 tenuerunt
915 2168 929 2181 ·
1018 2170 1031 2181 -
1077 2132 1201 2210 Nichil,
1217 2134 1297 2219 quis
1312 2138 1429 2199 contra
1445 2133 1586 2197 formam
1602 2128 1830 2198 concessionis.

371 2245 422 2312 De
440 2247 604 2312 Willelmo
620 2246 799 2312 Hamound
815 2268 875 2330 pro
890 2245 973 2332 viijs.
990 2251 1086 2333 parte
1098 2245 1123 2332 j
1136 2246 1160 2323 f.
1176 2247 1213 2311 in
1228 2246 1527 2324 Wusrnrrtcs'run,
1542 2268 1644 2331 quarn
1658 2244 1830 2311 Johannee

325 2335 367 2402 dc
383 2336 540 2402 Homond
556 2336 721 2423 quondam
738 2335 857 2413 tenuit,
872 2335 983 2413 nichil,
998 2336 1078 2422 quia
1092 2342 1209 2403 contra
1222 2336 1366 2403 formam
1381 2336 1607 2404 concessionis.

369 2451 419 2516 De
446 2451 600 2518 Johanne
625 2450 719 2516 Huse
744 2472 806 2538 pro
831 2450 918 2538 iiijte.
934 2455 1031 2537 parte
1042 2448 1067 2537 j.
1085 2450 1108 2518 f.
1124 2452 1159 2517 in
1187 2453 1301 2519 eadem
1326 2453 1415 2532 villa,
1431 2474 1532 2540 quam
1556 2451 1707 2538 Rogerus
1734 2451 1827 2518 Huse

324 2542 492 2627 quondam
507 2542 618 2607 tenuit
702 2576 717 2589 ·
896 2579 909 2590 ·
1091 2579 1104 2591 -
1284 2580 1298 2594 ·
1478 2581 1491 2593 ·
1672 2579 1687 2592 ·
1731 2541 1829 2607 xx.d.

368 2655 420 2721 Dc
449 2657 603 2722 Johanne
634 2655 777 2742 Heryng
806 2676 866 2742 pro
890 2654 976 2738 iiije.
1000 2662 1097 2743 perte
1118 2656 1142 2742 j.
1166 2655 1191 2722 f,
1213 2657 1250 2722 in
1276 2656 1514 2724 Onuvrsoou
1538 2655 1701 2733 HERYNG,
1727 2677 1828 2741 quam

324 2745 492 2812 Walterus
508 2745 650 2834 Heryng
664 2743 832 2832 quondam
849 2745 960 2811 tenuit
1074 2781 1681 2798 -----
1726 2767 1783 2811 xx,
1795 2745 1829 2812 d.

368 2859 419 2924 De
450 2858 594 2925 Roherto
626 2858 809 2946 Frampton
835 2880 896 2947 pro
926 2858 961 2926 di
992 2859 1016 2926 f.
1046 2858 1083 2924 in
1120 2859 1272 2926 Morcus
1309 2865 1345 2927 et
1374 2859 1706 2937 Hmmwonffi,
1736 2859 1827 2946 quod

323 2949 491 3036 quondam
509 2947 573 3014 luit
587 2946 709 3036 Rogori
725 2947 827 3014 Huse.

368 3063 421 3130 De
448 3063 568 3131 abbate
593 3063 633 3130 de
664 3060 771 3130 Cerne
802 3083 863 3151 pro
888 3063 932 3129 di.
960 3063 983 3130 f.
1009 3063 1047 3130 in
1078 3062 1335 3144 Wrannsrosn,
1361 3063 1450 3151 quod
1479 3063 1724 3152 predecessores
1757 3063 1829 3154 ejus

322 3159 513 3231 tenuerunt,
527 3152 640 3233 nichil,
656 3154 735 3241 quia
750 3152 951 3222 decimabile.

366 3269 418 3336 De
444 3268 597 3335 Johsnne
622 3268 756 3361 Bonvill
779 3291 840 3357 pro
858 3268 944 3354 viijs.
967 3274 1062 3357 perte
1071 3270 1098 3357 j.
1114 3269 1141 3336 f.
1155 3270 1192 3336 in
1207 3270 1369 3351 norror,
1384 3290 1484 3356 quem
1508 3270 1658 3359 Rogerus
1683 3269 1831 3336 Msuheu

324 3357 463 3445 (rectius
486 3359 605 3441 Mshu)
628 3359 794 3444 quondam
820 3360 939 3437 tenuit,
963 3360 1076 3439 nichil
1101 3361 1180 3447 quia
1194 3361 1332 3427 excedit.
1378 3358 1492 3445 [illese
1506 3358 1572 3427 last
1594 3359 1682 3426 three
1703 3359 1830 3425 catrico

322 3469 381 3515 arc
410 3448 538 3514 erossed
564 3452 624 3513 ool
632 3471 645 3527 ,·
667 3448 711 3513 iro
734 3448 786 3513 the
811 3448 954 3535 scorpio
968 3450 1000 3515 is
1014 3449 1163 3528 written,
1175 3451 1262 3531 Quia
1272 3456 1387 3537 postea
1400 3472 1461 3536 per
1475 3450 1725 3536 inquisicionem
1741 3450 1829 3516 inter

323 3538 418 3603 feoda
430 3539 469 3603 de
485 3560 573 3605 novo
588 3538 734 3614 inventa,
750 3537 859 3603 cisoa
874 3542 958 3616 owtc,
975 3538 1064 3605 Wn't
1078 3539 1154 3606 thes
1169 3541 1245 3606 that
1259 3540 1302 3605 be
1316 3540 1463 3623 crosset]

367 3654 418 3718 De
440 3654 561 3719 abbate
577 3652 618 3718 de
636 3652 799 3738 Bynedon
823 3675 884 3740 pro
907 3653 994 3740 iiije.
1010 3660 1106 3741 parte
1124 3655 1149 3741 j.
1165 3653 1189 3720 f.
1205 3655 1243 3719 in
1258 3653 1479 3722 Onnvnoor
1500 3654 1604 3732 Bous,
1619 3654 1733 3734 nichil,
1749 3656 1830 3741 quis

322 3743 424 3809 solvit
440 3757 524 3807 xm.
542 3744 595 3809 &c
614 3742 742 3828 [strowi
758 3748 824 3809 out.
870 3742 954 3809 Note
970 3743 1262 3831 Superonerantur
1277 3746 1318 3811 de
1333 3768 1389 3811 xn
1400 3744 1448 3829 cl]

372 3858 421 3923 lie
446 3858 566 3923 abbata
594 3856 635 3921 de
662 3856 847 3921 Middelton
874 3857 1024 3944 predicto
1044 3881 1106 3945 pro
1129 3859 1196 3924 alia
1219 3860 1293 3947 xijn.
1307 3865 1402 3947 parte
1413 3858 1439 3946 j.
1454 3858 1478 3923 f.
1495 3858 1531 3925 in
1548 3859 1828 3926 Url’ltttrrlds'rzn

321 3949 480 4038 predicta,
495 3969 595 4034 quarn
611 3946 857 4034 predecessores
872 3946 944 4033 ejus
960 3948 1129 4034 quondam
1144 3955 1327 4016 tenuerunt
1343 3988 1357 4000 -
1493 3982 1508 3996 ·
1642 3994 1655 4001 -
1703 3948 1737 4014 N
1738 3950 1827 4031 iohil,

1485 4039 1612 4124 (cause)
1626 4039 1827 4127 supradicte

554 4176 738 4242 Feodorum
794 4212 808 4225 -
853 4177 900 4263 iij.
923 4176 946 4244 f.
971 4182 1006 4243 et
1032 4177 1066 4267 ij.
1090 4183 1203 4267 portes
1229 4185 1265 4246 et
1287 4179 1375 4265 iiije.
1396 4200 1474 4266 pars
1493 4178 1518 4266 j.
1535 4178 1558 4244 f.
1575 4176 1728 4264 [written
1752 4200 1830 4245 over

369 4178 547 4443 Summa{
668 4357 675 4371 ι
918 4268 953 4371 j.
969 4266 990 4334 f.
1007 4272 1042 4333 et
1054 4266 1090 4354 ij.
1107 4273 1219 4355 partes
1230 4268 1257 4354 j.
1273 4270 1295 4335 f.
1310 4268 1424 4336 aaut
1438 4269 1522 4353 out}

551 4357 775 4423 Denanorum
784 4394 799 4409 ·
843 4378 936 4445 xva.
948 4378 972 4424 s.
983 4358 1009 4444 J'.
1019 4356 1052 4425 d.
1067 4372 1113 4445 (Γ.
1130 4360 1281 4446 [written
1296 4381 1373 4427 ocor
1386 4356 1537 4446 xj.s.j.d
1554 4372 1600 4444 qe
1614 4360 1729 4426 sleswic
1744 4359 1827 4442 ool}

750 4666 987 4737 Hornnunuu
1010 4672 1102 4739 ΒΑΝ
1104 4672 1179 4739 01¹1
1202 4672 1404 4743 GEORGII.

370 4831 421 4897 De
448 4829 569 4895 abbate
593 4828 634 4895 de
659 4828 780 4895 Milton
807 4852 867 4918 pro
891 4833 935 4899 di.
951 4833 974 4899 f.
1002 4834 1039 4899 in
1065 4835 1189 4903 Fcorrn
1215 4838 1339 4919 Bam,
1355 4839 1443 4927 quod
1464 4839 1660 4907 Edmundus
1677 4838 1829 4906 Everord

322 4922 489 5009 quondam
505 4918 616 4985 tenuit
685 4955 700 4968 ·
835 4960 848 4972 -
906 4922 951 5009 iij.
962 4945 986 4989 s.
1002 4923 1062 5014 iiij.
1073 4924 1107 4993 d.
1124 4925 1283 5014 [written
1297 4952 1374 4997 over
1389 4930 1512 5009 Nichil,
1527 4930 1607 5017 quio
1620 4929 1827 4997 decemabile.

1147 5016 1233 5084 Note
1249 5018 1538 5108 Superonerantur
1548 5021 1590 5086 de
1605 5020 1655 5107 iij.
1664 5042 1688 5085 a.
1703 5019 1760 5105 iiij.
1771 5016 1827 5104 d.].

368 5124 421 5189 De
436 5124 591 5189 «iohanne
609 5123 724 5207 Gouys
746 5145 808 5211 pro
824 5124 870 5192 di.
885 5126 906 5193 f.
922 5148 963 5194 m.
976 5128 1012 5194 in
1028 5128 1308 5199 Wmunnomu:
1330 5135 1482 5215 Menum,
1497 5133 1586 5222 quod
1602 5134 1769 5203 Walterus
1787 5133 1829 5198 de

322 5214 469 5299 Paveley
484 5213 651 5299 quondam
667 5214 779 5280 tenuit
817 5252 832 5265 -
967 5254 980 5271 -
1117 5260 1131 5274 -
1267 5262 1281 5275 -
1566 5263 1579 5276 -
1625 5223 1671 5310 iij.
1681 5245 1708 5289 s.
1723 5222 1828 5309 iiij.d.

367 5330 418 5395 De
445 5328 611 5394 Willelmo
642 5326 767 5397 Carent
793 5351 854 5417 pro
881 5333 967 5421 iiije.
984 5342 1084 5423 parte
1104 5338 1131 5425 J'.
1158 5338 1181 5405 f.
1210 5362 1253 5409 m.
1280 5340 1316 5407 in
1347 5341 1462 5408 eadem
1491 5340 1582 5418 villa,
1608 5360 1708 5426 quem
1739 5336 1828 5403 idem

288 5462 293 5473 ·
320 5421 488 5489 Walterus
503 5418 544 5485 de
561 5417 705 5506 Paveley
720 5422 887 5506 quondam
903 5428 1013 5492 tenuit
1081 5466 1095 5480 -
1274 5466 1289 5480 -
1468 5466 1483 5479 -
1663 5467 1677 5480 ·
1722 5450 1779 5492 xx.
1792 5426 1827 5493 d.
