4117 6200
306 659 371 722 420
923 657 1184 726 HEREFORD.

349 946 497 1031 Rogems
512 945 656 1032 Pycherd
681 950 772 1012 tenet
797 949 930 1010 terciam
952 952 1079 1032 partem
1095 968 1149 1013 un.
1165 949 1188 1012 f.
1201 969 1245 1013 m.
1262 949 1298 1010 iu
1313 947 1451 1013 Horrore
1466 951 1499 1011 et
1514 945 1636 1012 Mesua
1649 943 1803 1012 Gowrau.

349 1095 489 1162 Thomas
512 1097 615 1162 Mulle
638 1102 672 1162 et
698 1098 801 1163 hlieia
825 1096 986 1182 Burghull
1011 1102 1126 1162 tenent
1151 1117 1207 1162 ua.
1224 1097 1248 1163 f.
1264 1118 1309 1164 m.
1323 1098 1360 1162 iu
1386 1098 1567 1165 Avertantur
1589 1099 1625 1162 et
1651 1092 1801 1159 Tmush-

308 1205 430 1251 nuhaa.

351 1319 533 1385 Willelmus
549 1320 712 1406 Walweyu
727 1325 821 1386 tenet
835 1321 880 1384 di.
896 1321 919 1388 f.
934 1342 979 1387 m.
996 1322 1032 1384 in
1048 1320 1097 1388 Li
1112 1320 1241 1387 Fartus.

351 1456 427 1540 iiijt·
441 1477 514 1540 pars
529 1477 584 1522 uu.
602 1457 624 1522 f.
641 1478 686 1522 m.
704 1457 1084 1524 rememoraturum
1108 1458 1222 1521 existit
1248 1459 1284 1520 in
1297 1477 1397 1521 manu
1421 1456 1545 1521 domini
1571 1457 1660 1540 regis
1674 1454 1802 1518 ratione

308 1545 441 1610 minoris
456 1545 553 1608 etatis
567 1545 718 1628 Hugouis
732 1545 792 1608 tilii
807 1551 841 1609 et
855 1544 982 1610 heredis
996 1544 1018 1607 J
1019 1542 1156 1609 ohannis
1171 1545 1362 1629 Mortymer,
1379 1545 1507 1609 militis.

352 1709 533 1774 Willelmus
547 1708 690 1773 Roudon
706 1714 796 1775 tenet
811 1713 959 1795 quartam
974 1715 1103 1795 partam
1119 1731 1173 1776 uu.
1189 1711 1212 1776 f.
1229 1731 1274 1776 m.
1288 1711 1325 1773 in
1340 1710 1497 1777 Rowuou.

312 1845 535 2002 Swillelmus
560 1846 715 1933 Oryketot
736 1851 770 1912 et
794 1846 950 1912 Ricardus
965 1848 1128 1933 Walweyn
1154 1849 1194 1913 de
1219 1847 1423 1933 Lugwardyu
1453 1850 1570 1911 tenent
1598 1844 1644 1911 di.
1666 1844 1690 1909 s.
1705 1863 1750 1908 m.
1764 1843 1802 1906 iu

336 1954 451 2002 uaros.

353 2071 416 2138 Un.
433 2071 457 2139 f.
473 2091 517 2138 m.
533 2073 569 2136 iu
584 2072 824 2142 Wouuuauowu
849 2075 939 2137 extat
963 2073 998 2136 iu
1025 2092 1126 2137 manu
1149 2073 1274 2137 domini
1298 2073 1385 2158 regis
1410 2073 1535 2138 ratione
1550 2070 1686 2134 minoris
1700 2069 1804 2132 etatis

309 2158 452 2237 Ricardi,
466 2160 557 2224 ducis
572 2160 719 2224 Eboraci.

353 2295 510 2360 Ricardus
525 2296 720 2381 Wyunesley
733 2299 823 2360 tenet
837 2296 881 2362 di.
898 2296 922 2362 f.
938 2316 983 2362 m.
999 2295 1036 2358 iu
1053 2295 1160 2364 Suo·
1175 2295 1273 2363 Lacu.

352 2432 534 2498 willelmus
549 2432 650 2517 Luey,
666 2434 819 2519 armiger,
835 2437 925 2498 tenet
940 2433 985 2498 di.
1003 2431 1026 2496 f.
1042 2454 1087 2499 m.
1103 2434 1140 2496 in
1155 2433 1355 2500 Bouauuau.

352 2567 516 2634 Johannes
531 2569 663 2654 Lybury
677 2574 770 2634 tenet
784 2571 828 2633 di.
845 2569 868 2635 f.
886 2589 929 2636 m.
946 2570 981 2634 in
997 2570 1199 2638 Boanum.

350 2705 510 2770 Robertus
525 2706 709 2790 Whiteney,
726 2707 831 2784 miles,
848 2711 942 2770 tenet
957 2707 1001 2772 di.
1019 2707 1043 2771 f.
1060 2727 1104 2771 m.
1119 2709 1155 2772 in
1172 2707 1260 2774 Oeau
1277 2707 1445 2774 Prcuaan.
1541 2793 1545 2798 .

353 2842 462 2907 Guido
477 2843 518 2906 de
532 2842 750 2928 Whityngtan
764 2847 856 2906 tenet
870 2841 915 2906 di.
931 2844 954 2909 i.
970 2863 1015 2909 m.
1033 2845 1069 2906 in
1084 2843 1221 2911 Hormou
1239 2844 1376 2912 soraee.

352 2977 524 3062 Philippus
539 2979 662 3064 Holgot
678 2983 769 3044 tenet
784 2979 933 3062 quintam
947 2983 1075 3064 partem
1089 3001 1146 3045 un.
1162 2981 1185 3044 s.
1202 3001 1246 3047 m.
1262 2981 1298 3042 in
1314 2980 1487 3047 Buranop.

354 3117 418 3184 Un.
435 3118 457 3182 f.
473 3138 517 3181 m.
533 3119 568 3181 in
590 3118 816 3185 Tuoauaauuu
838 3123 929 3182 extat
951 3119 987 3181 iu
1013 3138 1112 3184 manu
1135 3116 1260 3182 domini
1284 3120 1369 3203 regis
1392 3118 1518 3182 ratione
1545 3117 1677 3181 minoris
1703 3117 1804 3181 etatis

311 3205 451 3286 Ricardi,
466 3206 558 3270 ducis
573 3206 719 3269 Eboraci.

354 3343 408 3407 Di.
430 3343 454 3409 s.
470 3363 515 3407 m.
531 3344 568 3407 in
594 3340 805 3410 Saeuusuuas
830 3346 919 3405 extat
945 3342 980 3403 in
1007 3361 1104 3405 manu
1129 3341 1253 3405 damini
1278 3341 1364 3427 regis
1386 3342 1511 3406 ratione
1540 3342 1676 3405 minoris
1705 3341 1805 3405 etatis

312 3429 458 3513 ejusdem
473 3429 614 3495 Ricardi.

356 3567 477 3643 Quarta
501 3587 576 3651 pars
600 3587 655 3632 uu.
683 3566 706 3631 f.
722 3586 768 3631 m.
785 3565 952 3634 (lomuaou
975 3570 1066 3629 extat
1087 3566 1123 3628 in
1145 3586 1245 3629 manu
1268 3564 1390 3630 domiui
1413 3566 1500 3650 regia
1521 3566 1645 3629 ratione
1669 3565 1806 3632 minoris

310 3656 408 3719 etatis
423 3654 505 3718 dicti
520 3654 661 3719 Ricardi.

362 3788 535 3879 [Ricardus
549 3788 605 3877 de]
626 3789 775 3856 Whitten
790 3793 885 3854 tenet
900 3794 1051 3873 quartam
1066 3794 1194 3873 partem
1209 3808 1266 3854 un.
1283 3789 1306 3854 f.
1324 3808 1368 3854 m.
1386 3789 1421 3852 in
1435 3790 1612 3857 Wauaaou.

353 3928 511 3994 Ricardus
525 3928 565 3994 de
579 3927 728 3993 Whittou
744 3932 835 3991 tenet
850 3930 974 3991 sextam
987 3931 1113 4010 partem
1129 3946 1185 3991 uu.
1200 3925 1224 3992 f.
1241 3947 1285 3991 m.
1302 3928 1336 3989 iu
1353 3927 1516 3994 Gerenos
1531 3929 1680 3996 Wiener
1699 3930 1782 4006 (aie).

355 4066 515 4130 Robertus
529 4063 713 4148 Whiteney,
730 4064 836 4144 miles,
851 4068 944 4128 tenet
959 4083 1014 4128 un.
1032 4061 1055 4128 f.
1071 4084 1116 4129 m.
1132 4064 1167 4126 in
1185 4062 1375 4131 Paucouau.

355 4200 492 4267 Thomas
507 4202 647 4267 Everard
662 4206 754 4265 tenet
769 4205 891 4265 sextam
906 4206 1031 4284 partem
1046 4220 1101 4265 un.
1118 4200 1142 4265 f.
1158 4201 1194 4263 iu
1210 4200 1259 4266 La
1275 4202 1403 4266 Furius.

354 4339 519 4404 Johanues
533 4338 749 4423 Elmebrugge
765 4340 856 4402 tenet
871 4338 1020 4420 quintam
1035 4342 1160 4422 partem
1176 4358 1230 4403 un.
1247 4338 1270 4404 f.
1287 4358 1331 4404 m.
1348 4339 1383 4403 in
1399 4339 1529 4407 Mawua
1543 4338 1704 4407 Nmuouu.

353 4476 517 4541 Johanues
530 4476 674 4560 Tetirley
689 4478 780 4541 tenet
795 4479 941 4541 octavam
955 4478 1082 4559 partem
1096 4494 1151 4542 un.
1168 4476 1191 4542 f.
1208 4497 1253 4541 m.
1270 4476 1421 4542 Houaou.

312 4613 510 4789 Dlliwdus
547 4611 720 4697 Wyaeham
760 4618 851 4677 tenet
888 4616 1040 4696 quartam
1076 4622 1204 4697 partem
1247 4633 1303 4678 un.
1340 4613 1364 4679 f.
1396 4632 1440 4678 m.
1470 4614 1505 4676 iu
1548 4609 1803 4700 [Tamaruouuu

345 4722 528 4767 ammana.

311 4838 398 4989 ΒΕΕ
425 4837 563 4987 υἰὶῗίιιε
590 4837 704 4901 dieunt
740 4836 825 4921 quod
854 4856 921 4899 nou
950 4841 1026 4899 sunt
1062 4836 1156 4919 plura
1185 4835 1277 4900 feoda
1306 4837 1452 4901 militum
1482 4838 1518 4901 ia
1555 4835 1723 4903 hundredo
1760 4840 1803 4907 de

339 4946 374 4989 ro
399 4943 484 4989 esass
506 4946 536 4991 e.

773 5159 1008 5248 [Huuaaanmr
1031 5160 1090 5249 aa]
1120 5162 1353 5232 RADLOWE.

352 5351 516 5417 lohannes
531 5350 659 5416 Broune
674 5349 714 5415 de
728 5349 845 5414 Frome
868 5353 962 5413 tenet
984 5354 1073 5415 certa
1095 5354 1199 5416 terras
1223 5356 1257 5417 et
1279 5356 1465 5416 tenementa
1488 5352 1575 5417 infra
1595 5351 1805 5420 hundredum

307 5442 491 5523 predictum
517 5461 572 5522 per
597 5439 699 5501 alium
725 5438 895 5501 servicium
918 5457 1017 5520 quam
1043 5458 1102 5522 per
1127 5440 1298 5504 servicium
1328 5440 1483 5516 militare,
1513 5461 1577 5523 que
1603 5441 1714 5505 valent
1743 5464 1805 5525 per

309 5548 432 5591 annum
447 5529 481 5591 iu
505 5526 653 5591 omuibus
668 5525 810 5591 exitibus
826 5525 914 5588 ultra
928 5527 1065 5609 reprieaa
1171 5565 1688 5579 ······
1733 5550 1762 5594 ο.
1774 5553 1802 5597 a.
