4117 6200
919 629 1001 694 A.D.
1028 632 1123 694 1431.
1705 628 1769 693 868

312 915 476 983 iohannes
501 918 728 1000 Tychebourne
751 920 792 984 de
816 919 971 997 Loudou',
994 918 1187 1004 gentilmen,
1211 921 1306 982 tenet
1330 921 1368 981 ut
1391 916 1433 980 de
1455 915 1557 979 libero
1571 918 1773 991 tenemento,

271 1006 452 1069 manerium
467 1005 508 1069 de
524 1005 782 1087 Trcunnousuu,
797 1027 855 1092 per
869 1007 1041 1072 servicium
1055 1002 1128 1091 iiij*
1143 1007 1246 1090 partis
1261 1026 1315 1068 un.
1333 1005 1357 1070 f.
1373 1024 1417 1067 m.

309 1140 447 1206 Thomcs
477 1140 617 1208 Overtou
647 1144 687 1208 de
725 1142 855 1224 Sutton,
892 1144 932 1208 de
969 1145 1129 1208 comitatu
1167 1139 1411 1226 Suthamptou',
1447 1139 1642 1226 gentilmau,
1677 1142 1769 1203 terret

270 1231 449 1293 manerium
465 1229 505 1293 de
521 1229 811 1315 Mnnnsrnn1‚pcr
826 1232 997 1296 servicium
1013 1229 1087 1314 iiij‘·
1101 1232 1203 1316 partis
1217 1251 1274 1296 un.
1290 1229 1313 1292 i.
1331 1250 1378 1293 m.

311 1364 496 1430 Willelmuc
524 1365 745 1452 Whappelode
774 1372 810 1432 et
839 1367 998 1442 Johcnuc,
1028 1389 1107 1434 uxor
1136 1368 1218 1451 ejus,
1246 1367 1286 1431 de
1317 1365 1514 1442 Chulleiont,
1543 1364 1584 1427 de
1611 1364 1771 1427 comitatu

269 1451 714 1628 gppffiffssnpppffl·mn,
737 1460 852 1521 tenent
873 1457 1057 1521 manerium
1078 1456 1119 1520 de
1141 1457 1493 1530 Dsnrnsnrrrnsvrrn,
1521 1471 1579 1547 per
1601 1451 1773 1514 servicium

313 1679 358 1742 Et
391 1679 507 1744 dicunt
542 1679 680 1744 ulterius
709 1679 815 1766 jurati
850 1681 1001 1764 predicti,
1035 1681 1122 1764 quod
1164 1700 1275 1744 umnec
1314 1697 1450 1763 persone
1483 1676 1671 1759 supradicte
1720 1675 1774 1740 die

271 1766 404 1831 Veneris
427 1768 571 1849 proximo
594 1771 672 1831 cute
694 1767 815 1831 festum
838 1766 950 1832 Sancti
974 1767 1119 1848 Hiilcrii,
1135 1787 1219 1831 enno
1234 1768 1325 1852 regni
1342 1763 1424 1830 dicti
1440 1764 1568 1828 domiui
1583 1763 1671 1848 regis
1685 1783 1772 1827 nunc

271 1872 366 1932 nono,
381 1853 534 1918 videlicet
559 1855 664 1937 primo
688 1853 743 1918 die
766 1854 878 1918 ultimi
901 1855 1120 1939 parliamenti,
1146 1855 1250 1919 scisiti
1276 1855 1409 1917 fuerunt
1435 1851 1475 1917 de
1492 1850 1592 1914 dictis
1606 1851 1774 1929 maneriis,

272 1941 377 2019 terris,
390 1943 589 2004 tenementis
603 1947 638 2005 et
663 1941 855 2020 redditibus,
877 1943 913 2006 in
937 1941 1101 2007 dominico
1128 1962 1196 2021 suo,
1222 1947 1261 2005 ut
1285 1941 1328 2004 de
1354 1939 1457 2004 libero
1484 1942 1685 2001 tenemento.
1732 1936 1774 2001 In

271 2027 362 2111 cujus
386 2027 433 2092 rei
456 2029 682 2093 testimonium
707 2034 776 2093 tem
801 2028 940 2112 predicti
965 2029 1236 2094 commissionnrii
1262 2047 1362 2112 quem
1384 2026 1505 2111 prefati
1516 2023 1679 2108 juratores
1693 2021 1771 2087 hnic

274 2114 482 2199 inquisicioni
496 2115 605 2201 sigillo
619 2135 676 2180 eus
690 2119 918 2201 apposuerunt.
962 2115 1086 2182 Datum
1099 2116 1181 2194 loco,
1195 2116 1260 2193 die,
1273 2121 1309 2179 et
1322 2133 1408 2179 enno
1422 2111 1628 2198 supradictis.

306 2643 496 2728 ,Inquisicio
510 2648 604 2730 cepte
618 2646 704 2730 epud
718 2637 940 2730 Wyutonism,
954 2647 1008 2711 die
1024 2645 1179 2712 Mercurii
1194 2646 1341 2729 proximo
1359 2648 1439 2728 post
1457 2643 1576 2707 testum
1592 2642 1778 2727 Epiphanio

275 2729 409 2795 Domini
423 2750 508 2794 euno
531 2734 623 2818 regni
645 2735 731 2816 regis
748 2733 883 2798 Henrioi
899 2735 983 2799 sexti
997 2733 1137 2812 decimo,
1151 2753 1258 2797 corcm
1273 2728 1423 2796 ‘Johcnne
1439 2729 1595 2810 Uvedcle,
1610 2729 1777 2793 Willelmo

275 2816 402 2898 Broces,
428 2817 569 2882 Roberto
595 2819 755 2905 Dyngley,
778 2818 928 2885 Johsnue
958 2821 1095 2906 Rckley,
1118 2840 1155 2884 co
1181 2819 1374 2885 vicecomite
1390 2816 1632 2902 Suthcmptou',
1654 2817 1777 2881 virtute

275 2904 458 2968 litterarum
485 2907 670 2989 patencium
694 2907 818 2971 domini
841 2909 926 2993 regis
947 2909 1069 2972 eisdem
1091 2906 1246 2984 Johenni,
1260 2905 1435 2984 Willelmo,
1452 2905 1607 2982 Roberto,
1620 2902 1778 2980 Johsnni,

274 3011 312 3054 ec
336 2993 519 3056 vicecomiti
549 2991 780 3078 Suthnmptcn’
806 2995 1014 3074 directorum,
1047 3016 1105 3079 per
1130 2998 1369 3059 sacramentum
1394 2991 1555 3056 Johennis
1578 2990 1775 3070 Moteionte,

249 3075 250 3079 ’
276 3077 411 3143 Henrici
426 3078 514 3158 Otes,
530 3078 687 3147 Johannis
702 3081 821 3165 Heres,
837 3081 943 3167 Spth'i
962 3081 1034 3162 (eie)
1052 3082 1151 3169 Dyer,
1166 3079 1296 3146 Rioerdi
1319 3078 1514 3157 Cotesmore,
1532 3079 1654 3165 Rogeri
1674 3078 1776 3159 Kent,

274 3162 396 3230 Thome
427 3165 609 3248 Merchcut,
638 3167 795 3233 Johannis
832 3170 942 3247 Perot,
979 3168 1121 3255 Inghsm
1149 3175 1219 3234 ctte
1250 3167 1353 3248 More,
1383 3167 1541 3232 Johsnnis
1571 3171 1643 3232 ctte
1673 3167 1777 3247 More,

275 3252 409 3317 Rcberti
422 3252 568 3405 Tiipurgh
584 3260 619 3319 et
633 3254 757 3320 Thome
773 3256 951 3343 Hereyerd‚
964 3256 1159 3341 juratorum,
1184 3255 1242 3340 qni
1268 3254 1383 3319 dicunt
1410 3275 1507 3339 super
1534 3258 1775 3318 recrementum

278 3360 384 3421 enum,
399 3360 463 3426 quo
496 3363 550 3405 :-

777 3531 998 3599 Husnnrnnu
1021 3551 1066 3599 nn
1088 3529 1280 3601 tunsos.
1381 3500 1384 3504 ⁵

320 3660 501 3727 Willelmus
511 3660 710 3748 Bremphcte
718 3662 788 3745 (ric)
801 3666 841 3731 de
850 3665 963 3732 Insula
971 3666 1086 3747 Vecte,
1097 3667 1139 3732 de
1150 3668 1310 3732 comitatu
1320 3665 1477 3750 predicto,
1482 3665 1633 3751 armiger,
1639 3668 1730 3732 tenet
1739 3672 1779 3733 ut

277 3748 324 3902 (ἐξ.
336 3750 441 3920 {propp
451 3756 651 3907 ἱοιοοιίοοιιὶιοο,
665 3755 847 3819 manerium
861 3755 902 3819 de
916 3756 1174 3834 Bnnurscnorn‚
1195 3775 1271 3819 curn
1295 3754 1515 3838 pertinenciis,
1531 3773 1587 3837 per
1607 3755 1778 3819 servicium

320 3971 460 4038 Thomas
485 3972 629 4040 Chaucer
653 3975 693 4040 de
717 3976 896 4059 Nevelme,
910 3980 946 4042 in
961 3980 1120 4043 comitatu
1136 3978 1272 4059 Oxcnie,
1288 3979 1440 4062 armiger,
1453 3982 1557 4054 tenet,
1570 3980 1610 4042 ut
1624 3975 1664 4041 de
1679 3977 1779 4046 libero

278 4064 469 4126 tenemento
485 4082 552 4139 suo,
567 4064 747 4128 manerium
762 4064 802 4128 de
818 4064 945 4132 ernuu
954 4066 1143 4146 Worrnrrsu,
1159 4086 1217 4149 per
1233 4066 1404 4129 servicium
1418 4060 1491 4149 iiij*
1505 4065 1608 4148 pertis
1622 4084 1678 4127 un.
1692 4064 1715 4128 f.
1731 4085 1778 4130 m.

319 4196 485 4261 (iilbertus
501 4197 695 4282 Bennebury
710 4199 749 4263 de
765 4198 985 4283 Hulybourne‚
1001 4200 1043 4264 de
1065 4200 1226 4265 comitatu
1251 4198 1494 4283 Suthemptou',
1508 4199 1657 4283 armiger,
1673 4201 1780 4275 tenet,

277 4284 699 4455 ptardttisslilpprptppementc,
715 4288 898 4351 manerium
913 4288 955 4352 de
971 4288 1199 4355 Hsnrnounrtn
1214 4286 1380 4367 cruror,
1403 4306 1460 4370 per
1482 4285 1654 4350 servicium
1677 4286 1778 4349 tercie

322 4507 491 4588 Henricus‚
507 4507 656 4574 domiuus
671 4509 713 4573 de
727 4509 904 4592 Beomond,
920 4516 1023 4593 tenet,
1041 4517 1081 4577 ut
1096 4512 1135 4576 de
1161 4512 1260 4577 libero
1283 4515 1482 4591 tenemento,
1509 4514 1598 4575 certe
1620 4513 1721 4575 terres
1746 4515 1781 4576 et

282 4599 480 4675 tenemente,
496 4616 571 4659 cum
586 4598 807 4681 pertinenciis,
822 4605 934 4663 vocate
949 4600 1151 4668 'inruemur
1166 4599 1201 4664 iu
1215 4601 1364 4677 Autrou,
1378 4600 1414 4663 in
1438 4599 1577 4683 socngio,
1592 4617 1656 4682 que
1671 4598 1782 4663 velent

276 4681 684 4838 ffifflfflopnnuum
698 4686 838 4751 valorem
863 4687 951 4752 ultre
981 4708 1095 4753 omnes
1119 4688 1252 4771 repriscs
1281 4685 1491 4752 rationabiles
1515 4690 1550 4749 et
1575 4686 1782 4765 necessarias,

695 4962 915 5031 Hcrrnnnncu
939 4986 982 5033 nn
1004 4960 1374 5053 BASUNGSTOREL

326 5096 520 5178 willelm,
535 5098 685 5165 domiuus
700 5099 741 5165 de
758 5102 930 5181 Botreuux,
945 5108 1049 5181 tenet,
1063 5107 1103 5167 ut
1117 5102 1158 5168 de
1174 5101 1275 5166 libero
1295 5105 1494 5179 tenemento,
1509 5102 1599 5165 certe
1624 5102 1724 5163 terres
1746 5104 1782 5163 et

282 5188 468 5251 tenemento
493 5187 529 5250 iu
554 5186 734 5255 Bnrvsrrnn
760 5210 816 5274 per
838 5192 1013 5276 sonegium,
1029 5210 1093 5276 que
1108 5190 1216 5255 volent
1233 5190 1331 5275 Juxta
1353 5208 1501 5254 annuum
1514 5206 1627 5252 verum
1641 5186 1782 5251 valorem

284 5272 371 5337 ultre
384 5294 495 5339 omues
509 5276 645 5359 repriees
659 5283 791 5341 centum
807 5278 935 5343 solidos.

327 5402 492 5471 Johnnnes
505 5406 624 5475 Paulet
638 5409 679 5476 de
693 5408 821 5497 Noney,
836 5412 877 5475 de
892 5412 1052 5476 comitutu
1066 5408 1261 5489 Somersete,
1274 5410 1427 5495 armiger,
1435 5411 1470 5474 et
1485 5405 1688 5486 constancia,
1702 5425 1783 5471 uxor

283 5488 362 5574 ejus,
377 5496 502 5575 tenent,
519 5502 558 5561 ut
574 5497 616 5563 de
629 5498 731 5565 libero
744 5504 943 5581 tenemento,
952 5499 1136 5565 manerium
1150 5499 1192 5564 de
1207 5498 1352 5578 Bssrrru,
1365 5517 1423 5582 per
1438 5495 1607 5562 servicium
1620 5494 1664 5561 ix.
1679 5492 1782 5577 pertis
1912 5556 1914 5559 Α

283 5578 380 5643 nnius
395 5579 526 5649 bnronie
544 5582 630 5666 (cic).
