4117 6200
321 641 387 704 110
978 636 1164 704 DORSE'I'.

361 853 505 920 Briauus
521 852 650 919 Gerard
665 854 706 920 de
723 852 834 940 Hyde,
849 854 882 917 in
900 854 1015 919 eodem
1032 855 1195 921 comitatu
1209 854 1361 932 Dorsete,
1374 853 1569 944 gentuman,
1585 859 1679 922 tenet
1692 855 1826 923 diversa

316 946 421 1009 terras
448 947 483 1009 et
507 947 699 1010 tenemeuta
723 944 759 1008 in
786 942 1042 1009 Wonuwnmnu
1065 949 1101 1010 et
1128 943 1343 1024 Ossismos,
1365 944 1403 1009 in
1428 944 1542 1011 eodem
1566 944 1749 1026 hundredo,
1763 968 1824 1034 per

315 1032 492 1099 servicium
507 1034 633 1101 decime
648 1034 755 1121 partis
770 1054 824 1099 un.
841 1033 864 1099 f.
881 1056 923 1099 m.

360 1146 528 1214 Walterus
557 1146 697 1235 Glavyle
718 1148 759 1213 de
788 1148 918 1227 Leston,
943 1149 979 1213 in
1004 1149 1120 1215 eodem
1145 1150 1317 1227 comitatu,
1343 1149 1538 1236 gentilman‚
1561 1109 1658 1217 tenet
1687 1150 1820 1219 diversa

316 1241 474 1392 pleprpslpt
491 1238 733 1305 tenementum
750 1238 897 1317 mecon,
913 1239 950 1303 in
965 1240 1080 1306 eodem
1103 1239 1287 1318 hundredo,
1302 1262 1362 1327 per
1380 1240 1557 1306 servicium
1576 1240 1702 1307 decime
1715 1243 1821 1330 partis

360 1441 546 1507 Willelmus
571 1441 711 1529 Olavyla
736 1442 777 1508 de
805 1443 921 1520 Ferus,
946 1444 982 1507 in
1014 1444 1128 1509 eodem
1154 1444 1324 1522 comitatu,
1348 1445 1545 1533 gentilman,
1569 1451 1664 1513 tenet
1689 1446 1821 1510 diversa

315 1535 420 1598 terras
435 1538 469 1597 et
484 1536 675 1599 tenementa
698 1532 735 1597 in
758 1532 926 1613 werras,
944 1532 1162 1598 Kvncnsrou
1185 1538 1221 1599 et
1246 1535 1417 1612 Amnum,
1431 1534 1468 1598 in
1495 1536 1610 1601 eodem
1635 1535 1820 1616 hundredo,

316 1642 379 1707 que
394 1643 462 1688 non
478 1627 635 1689 tenentur
649 1642 709 1709 per
725 1622 901 1689 servicium
917 1622 1071 1701 militare,
1087 1628 1121 1689 et
1137 1623 1251 1690 valent
1266 1645 1326 1711 per
1341 1645 1475 1703 annum,
1491 1625 1582 1691 ultra
1597 1627 1740 1714 reprisas

1758 1736 1820 1785 ca.

361 1826 531 1893 iohannes
556 1826 785 1895 Middelstrete
806 1828 848 1893 de
871 1827 1125 1907 Corfcastell,in
1141 1829 1291 1916 predicto
1317 1829 1479 1895 comitatu
1506 1830 1655 1909 Dorsete,
1671 1831 1822 1919 armiger,

316 1916 419 1983 habet
445 1922 480 1983 et
506 1918 648 2005 percipit
674 1918 716 1983 ad
744 1918 924 1984 terminum
955 1919 1025 1985 vite
1050 1941 1120 1998 sue,
1147 1919 1323 2005 quemdam
1340 1941 1490 1984 annuum
1515 1920 1685 1986 redditum
1712 1921 1821 1986 oneris

317 2028 349 2073 x„
360 2008 762 2085 marcarum,exeuncium
772 2008 971 2074 dedominio
987 2009 1028 2074 de
1045 2007 1299 2087 Concursum,
1315 2008 1351 2073 iu
1367 2008 1482 2075 eodem
1498 2011 1661 2077 comitatu
1678 2010 1826 2078 Dorsete.

362 2173 450 2239 item
466 2172 606 2240 ulterius
622 2173 748 2251 dicunt,
764 2173 853 2260 quod
864 2198 917 2239 :—

929 2385 1211 2474 [HASELORE]

362 2538 547 2606 Willelmus
594 2538 731 2627 Oheyne
777 2540 819 2605 de
857 2539 1052 2618 Wodelond‚
1090 2543 1126 2606 in
1163 2542 1277 2608 eodem
1323 2544 1494 2625 comitatu,
1533 2544 1691 2629 chivaler,
1727 2553 1820 2616 tenet

315 2630 499 2695 manerium
538 2630 579 2695 de
611 2630 801 2695 Lunumorv
841 2629 981 2709 WALsn,
1011 2632 1049 2695 in
1079 2632 1229 2719 predicto
1265 2633 1439 2700 hundredo
1476 2636 1517 2701 de
1556 2635 1726 2719 Haselorc,
1760 2661 1820 2724 per

315 2719 491 2785 servicium
507 2720 695 2784 medietatis
711 2741 765 2784 un.
781 2717 804 2784 f.
821 2740 864 2783 m.

361 2832 566 2921 Reginaldus
597 2834 700 2910 West,
732 2832 885 2899 dominus
923 2833 964 2898 de
993 2833 1026 2899 la
1060 2834 1185 2912 werre,
1217 2836 1372 2914 chivaler,
1411 2842 1506 2905 tenet
1552 2843 1739 2907 manerium
1776 2845 1818 2910 de

317 2923 493 3002 Burnum,
508 2924 545 2988 in
561 2924 675 2989 eodem
691 2922 872 3001 hundredo,
889 2944 949 3008 per
963 2924 1141 2990 servicium
1156 2930 1275 3011 quarte
1290 2928 1397 3013 partis
1413 2949 1467 2995 un
1483 2928 1507 2997 f.
1524 2952 1565 2995 m.

360 3038 504 3104 Thomas
535 3038 691 3105 Manston
721 3037 763 3103 de
793 3037 961 3116 Marcion,
985 3038 1022 3104 in
1047 3038 1161 3106 eodem
1188 3041 1360 3121 comitatu,
1383 3043 1537 3132 armiger,
1565 3050 1658 3113 tenet
1687 3048 1818 3116 diversa

314 3132 423 3195 terras
438 3134 472 3195 ei
487 3133 676 3196 tenementu
692 3129 728 3194 in
745 3127 868 3195 ORYoH
884 3132 918 3194 et
933 3129 1181 3212 Boucmoma,
1192 3130 1229 3196 in
1245 3132 1359 3198 eodem
1373 3131 1559 3216 hundredo,
1570 3159 1630 3225 per
1640 3139 1818 3207 servicium

316 3224 433 3306 quarte
449 3219 555 3307 pertis
572 3241 627 3287 un.
643 3217 666 3284 f.
682 3241 725 3286 m.

360 3334 532 3412 Ricardus,
567 3334 638 3400 dux
680 3333 829 3411 Eboraci,
860 3333 1015 3412 chivaler,
1049 3338 1143 3401 tenet
1171 3336 1320 3403 maneria
1357 3338 1399 3404 de
1429 3339 1574 3420 Suum,
1605 3342 1754 3410 Knotun
1784 3350 1819 3414 ei

317 3422 450 3502 Curcfl,
467 3424 502 3489 in
519 3425 632 3490 eodem
648 3423 830 3501 hundredo,
845 3445 906 3510 per
921 3425 1098 3490 servicium
1114 3426 1302 3493 medietatis
1316 3448 1371 3494 un.
1388 3428 1408 3495 f.
1424 3451 1467 3496 m.

358 3538 529 3604 «iohannes
554 3536 694 3624 Clavyle
719 3537 759 3602 de
785 3536 978 3616 Barneston‚
995 3538 1031 3602 in
1059 3539 1172 3603 eodem
1199 3539 1372 3607 hundredo
1391 3543 1478 3627 (cic),
1508 3546 1701 3633 gentilman‚
1725 3556 1818 3617 tanet

316 3628 447 3694 diversa
465 3631 573 3693 terras
588 3633 622 3693 et
637 3631 829 3694 tenementa
850 3627 886 3691 in
909 3627 1129 3705 Baaursron
1152 3629 1397 3710 ervuurov,
1413 3633 1626 3714 Kvuravcn,
1642 3637 1817 3706 Onomar

315 3721 349 3783 ct
377 3716 509 3794 Cures,
535 3717 571 3781 in
595 3717 709 3783 eodem
733 3717 917 3794 hundredo,
944 3738 1007 3801 que
1033 3738 1102 3782 non
1127 3722 1287 3785 tenentur
1310 3741 1371 3806 per
1394 3724 1570 3791 servicium
1597 3727 1750 3805 militare,
1782 3735 1817 3796 et

314 3806 431 3874 velent
446 3829 506 3894 per
521 3828 655 3884 annum,
670 3806 761 3872 ultra
776 3807 919 3894 reprisas
950 3843 1707 3871 ------
1754 3842 1780 3888 0·
1791 3842 1815 3886 3·

358 3922 382 3987 J
383 3923 531 3989 ohannes
543 3919 750 4008 Brycheford
768 3921 809 3986 de
825 3921 996 4000 Warham,
1011 3920 1173 3988 incudem
1189 3923 1359 4004 comitatu,
1374 3928 1568 4013 gentilman‚
1583 3936 1676 4000 tenet
1684 3934 1818 4003 diversa

315 4017 421 4080 terras
445 4015 480 4076 et
504 4015 695 4079 tenementa
720 4011 756 4075 in
783 4011 950 4088 Tuum,
966 4011 1172 4077 Krurnrcfl
1199 4018 1235 4079 et
1250 4013 1385 4094 Homer,
1400 4018 1436 4081 in
1452 4018 1566 4085 eodem
1589 4021 1769 4106 hundredo,
1784 4032 1819 4092 et

316 4103 354 4168 in
381 4101 485 4188 burgo
510 4100 551 4166 de
578 4100 747 4166 wicum
770 4100 931 4188 predicte,
955 4122 1018 4187 que
1043 4123 1111 4167 non
1136 4107 1296 4170 tenentur
1320 4127 1379 4192 per
1404 4108 1583 4177 servicium
1606 4113 1761 4194 militare,
1783 4121 1819 4184 et

315 4191 431 4260 vatent
446 4211 654 4277 perannum,
670 4190 760 4257 ultra
776 4191 918 4279 reprisas
1113 4229 1126 4242 ·
1308 4231 1320 4246 ·
1501 4235 1516 4252 .
1697 4243 1711 4256 .
1755 4225 1816 4274 ω,

360 4358 448 4426 Item
463 4357 606 4425 ulterius
621 4357 746 4436 dicunt,
762 4358 850 4444 quod
861 4381 913 4424 :-

912 4573 1232 4664 [eussnuoun]

361 4729 505 4797 Thomas
529 4729 717 4797 Beaumont
737 4729 778 4796 de
794 4729 1021 4814 Wynterbom
1047 4729 1267 4812 Maurevvurd,
1283 4733 1319 4798 in
1346 4735 1460 4803 eodem
1484 4742 1644 4809 comitatu
1669 4743 1817 4826 Dorsete,

315 4820 420 4899 miles,
437 4826 529 4887 tenet
553 4821 738 4887 manerium
753 4821 795 4885 de
809 4819 1063 4884 ervrncssomv
1079 4819 1325 4902 Muunnwunn,
1341 4825 1377 4891 in
1403 4831 1554 4916 predicte
1579 4834 1753 4903 hundredo
1775 4838 1816 4904 de

317 4911 529 4989 Russhmore,
544 4933 604 4998 per
618 4911 793 4976 servicium
810 4913 926 4994 quarte
942 4908 1049 4994 partis
1063 4930 1119 4974 un.
1135 4909 1156 4974 f.
1173 4932 1215 4974 m.

358 5026 528 5092 «lohannes
560 5025 675 5090 Warre
707 5024 748 5089 de
779 5021 1022 5100 Hestercombe,
1053 5023 1089 5087 in
1119 5024 1281 5093 comitatu
1311 5029 1505 5114 Somersete,
1534 5039 1686 5126 armiger,
1724 5047 1817 5111 tenet

314 5116 499 5182 manerium
527 5136 624 5180 suum
651 5114 692 5179 de
720 5113 980 5190 Wesmoenov,
1004 5134 1080 5179 cum
1102 5115 1325 5202 pertinenciis,
1353 5121 1390 5186 in
1414 5124 1527 5190 eodem
1553 5127 1736 5210 hundredo,
1759 5155 1818 5219 per

314 5207 492 5272 servicium
508 5210 626 5291 quarte
641 5203 747 5289 partis
763 5224 818 5268 uu.
834 5202 930 5289 parvi
945 5201 1036 5269 feodi
1051 5226 1094 5272 m.

359 5319 533 5387 Predictus
571 5318 757 5384 Willelmus
789 5316 929 5404 Oheyne
967 5324 1061 5386 tenet
1113 5319 1245 5388 diversa
1289 5329 1396 5392 terras
1433 5334 1469 5396 et
1505 5336 1703 5413 tenementa,
1740 5357 1816 5402 cum

314 5409 538 5500 pertinenciis,
554 5409 590 5475 in
605 5409 858 5474 WYN'ntRBonN
874 5407 1063 5486 SELYsrorv,
1077 5409 1114 5472 in
1129 5411 1243 5476 eodem
1266 5414 1449 5500 hundredo,
1476 5442 1539 5506 que
1565 5445 1633 5489 non
1659 5431 1817 5493 tenentur

313 5525 373 5589 per
387 5499 564 5568 servicium
579 5499 730 5579 militare,
747 5502 781 5566 et
796 5497 910 5566 valent
923 5519 985 5586 per
998 5518 1136 5579 annum,
1154 5498 1243 5566 ultra
1255 5506 1400 5592 reprisas
1547 5546 1562 5560 .
1695 5553 1711 5570 ,
1756 5539 1782 5585 0·
1793 5539 1819 5584 3,
