<?xml version="1.0" encoding="UTF-8"?>
<!DOCTYPE html PUBLIC "-//W3C//DTD XHTML 1.0 Transitional//EN"
    "http://www.w3.org/TR/xhtml1/DTD/xhtml1-transitional.dtd">
<html xmlns="http://www.w3.org/1999/xhtml" xml:lang="en" lang="en">
 <head>
  <title>
</title>
<meta http-equiv="Content-Type" content="text/html;charset=utf-8" />
  <meta name='ocr-system' content='tesseract 3.04.00' />
  <meta name='ocr-capabilities' content='ocr_page ocr_carea ocr_par ocr_line ocrx_word'/>
</head>
<body>
  <div class='ocr_page' id='page_1' title='image "./inquisitionsand01offigoog_0373.png"; bbox 0 0 4117 6200; ppageno 0'>
   <div class='ocr_carea' id='block_1_1' title="bbox 926 614 1773 686">
    <p class='ocr_par' dir='ltr' id='par_1_1' title="bbox 926 614 1773 686">
     <span class='ocr_line' id='line_1_1' title="bbox 926 614 1773 686; baseline 0.009 -9"><span class='ocrx_word' id='word_1_1' title='bbox 926 614 1008 678; x_wconf 87' lang='grc' dir='ltr'><strong>Α.Ι).</strong></span> <span class='ocrx_word' id='word_1_2' title='bbox 1034 617 1129 680; x_wconf 82' lang='grc'><strong>1428.</strong></span> <span class='ocrx_word' id='word_1_3' title='bbox 1711 623 1773 686; x_wconf 81' lang='grc'><strong>359</strong></span> 
     </span>
    </p>
   </div>
   <div class='ocr_carea' id='block_1_2' title="bbox 266 897 1770 1159">
    <p class='ocr_par' dir='ltr' id='par_1_2' title="bbox 266 897 1770 1159">
     <span class='ocr_line' id='line_1_2' title="bbox 311 897 1770 988; baseline 0.003 -25"><span class='ocrx_word' id='word_1_4' title='bbox 311 897 423 964; x_wconf 76' lang='lat' dir='ltr'><strong>custos</strong></span> <span class='ocrx_word' id='word_1_5' title='bbox 439 898 522 962; x_wconf 82' lang='lat' dir='ltr'><strong>Novi</strong></span> <span class='ocrx_word' id='word_1_6' title='bbox 537 897 671 984; x_wconf 86' lang='lat' dir='ltr'><strong>Oollegii</strong></span> <span class='ocrx_word' id='word_1_7' title='bbox 682 898 860 982; x_wconf 87' lang='lat' dir='ltr'><strong>Wyntonie</strong></span> <span class='ocrx_word' id='word_1_8' title='bbox 876 904 967 964; x_wconf 83' lang='lat' dir='ltr'><strong>tenet</strong></span> <span class='ocrx_word' id='word_1_9' title='bbox 981 902 1015 963; x_wconf 90' lang='lat' dir='ltr'><strong>in</strong></span> <span class='ocrx_word' id='word_1_10' title='bbox 1032 901 1189 967; x_wconf 76' lang='lat' dir='ltr'><strong>annrou</strong></span> <span class='ocrx_word' id='word_1_11' title='bbox 1205 900 1300 985; x_wconf 61' lang='lat' dir='ltr'><strong>iiij‘ffl</strong></span> <span class='ocrx_word' id='word_1_12' title='bbox 1316 907 1445 986; x_wconf 86' lang='lat' dir='ltr'><strong>partem</strong></span> <span class='ocrx_word' id='word_1_13' title='bbox 1462 903 1518 986; x_wconf 85' lang='lat' dir='ltr'><strong>j.f.</strong></span> <span class='ocrx_word' id='word_1_14' title='bbox 1529 905 1564 966; x_wconf 92' lang='lat' dir='ltr'><strong>in</strong></span> <span class='ocrx_word' id='word_1_15' title='bbox 1577 909 1770 988; x_wconf 84' lang='lat' dir='ltr'><strong>perpetuam</strong></span> 
     </span>
     <span class='ocr_line' id='line_1_3' title="bbox 266 986 1770 1075; baseline 0.003 -25"><span class='ocrx_word' id='word_1_16' title='bbox 266 986 485 1064; x_wconf 76' lang='lat' dir='ltr'><strong>elemosinam,</strong></span> <span class='ocrx_word' id='word_1_17' title='bbox 513 986 598 1070; x_wconf 90' lang='lat' dir='ltr'><strong>quod</strong></span> <span class='ocrx_word' id='word_1_18' title='bbox 629 986 774 1072; x_wconf 85' lang='lat' dir='ltr'><strong>Rogerus</strong></span> <span class='ocrx_word' id='word_1_19' title='bbox 811 987 953 1072; x_wconf 81' lang='lat' dir='ltr'><strong>Gerveys</strong></span> <span class='ocrx_word' id='word_1_20' title='bbox 991 987 1155 1071; x_wconf 90' lang='lat' dir='ltr'><strong>quondam</strong></span> <span class='ocrx_word' id='word_1_21' title='bbox 1192 989 1312 1056; x_wconf 82' lang='lat' dir='ltr'><strong>tenuit.</strong></span> <span class='ocrx_word' id='word_1_22' title='bbox 1357 989 1431 1053; x_wconf 89' lang='lat' dir='ltr'><strong>Non</strong></span> <span class='ocrx_word' id='word_1_23' title='bbox 1470 991 1655 1074; x_wconf 77' lang='lat' dir='ltr'>respondet,</span> <span class='ocrx_word' id='word_1_24' title='bbox 1692 994 1770 1075; x_wconf 88' lang='lat' dir='ltr'><strong>quia</strong></span> 
     </span>
     <span class='ocr_line' id='line_1_4' title="bbox 267 1074 1079 1159; baseline 0.002 -23"><span class='ocrx_word' id='word_1_25' title='bbox 267 1074 466 1138; x_wconf 90' lang='lat' dir='ltr'><strong>condonatur</strong></span> <span class='ocrx_word' id='word_1_26' title='bbox 481 1094 538 1158; x_wconf 90' lang='lat' dir='ltr'><strong>per</strong></span> <span class='ocrx_word' id='word_1_27' title='bbox 552 1074 663 1137; x_wconf 78' lang='lat' dir='ltr'><strong>literas</strong></span> <span class='ocrx_word' id='word_1_28' title='bbox 678 1074 802 1138; x_wconf 92' lang='lat' dir='ltr'><strong>domini</strong></span> <span class='ocrx_word' id='word_1_29' title='bbox 818 1077 902 1159; x_wconf 87' lang='lat' dir='ltr'><strong>regis</strong></span> <span class='ocrx_word' id='word_1_30' title='bbox 918 1080 1079 1158; x_wconf 84' lang='lat' dir='ltr'><strong>patentes.</strong></span> 
     </span>
    </p>
   </div>
   <div class='ocr_carea' id='block_1_3' title="bbox 266 1210 1771 1382">
    <p class='ocr_par' dir='ltr' id='par_1_3' title="bbox 266 1210 1771 1382">
     <span class='ocr_line' id='line_1_5' title="bbox 310 1210 1771 1297; baseline 0.004 -24"><span class='ocrx_word' id='word_1_31' title='bbox 310 1211 417 1275; x_wconf 85' lang='lat' dir='ltr'><strong>Abbas</strong></span> <span class='ocrx_word' id='word_1_32' title='bbox 431 1211 472 1276; x_wconf 92' lang='lat' dir='ltr'><strong>de</strong></span> <span class='ocrx_word' id='word_1_33' title='bbox 489 1210 584 1294; x_wconf 79' lang='lat' dir='ltr'><strong>Hyde</strong></span> <span class='ocrx_word' id='word_1_34' title='bbox 598 1215 690 1275; x_wconf 85' lang='lat' dir='ltr'><strong>tenet</strong></span> <span class='ocrx_word' id='word_1_35' title='bbox 704 1212 824 1276; x_wconf 87' lang='lat' dir='ltr'>ibidem</span> <span class='ocrx_word' id='word_1_36' title='bbox 839 1211 933 1296; x_wconf 67' lang='lat' dir='ltr'><strong>iiijmn</strong></span> <span class='ocrx_word' id='word_1_37' title='bbox 948 1217 1076 1295; x_wconf 87' lang='lat' dir='ltr'><strong>partem</strong></span> <span class='ocrx_word' id='word_1_38' title='bbox 1088 1213 1115 1296; x_wconf 86' lang='lat' dir='ltr'><strong>j.</strong></span> <span class='ocrx_word' id='word_1_39' title='bbox 1131 1213 1154 1278; x_wconf 84' lang='lat' dir='ltr'><strong>f.</strong></span> <span class='ocrx_word' id='word_1_40' title='bbox 1171 1214 1207 1276; x_wconf 93' lang='lat' dir='ltr'><strong>in</strong></span> <span class='ocrx_word' id='word_1_41' title='bbox 1222 1219 1412 1297; x_wconf 85' lang='lat' dir='ltr'><strong>perpetuam</strong></span> <span class='ocrx_word' id='word_1_42' title='bbox 1429 1214 1650 1281; x_wconf 80' lang='lat' dir='ltr'><strong>elemosinam.</strong></span> <span class='ocrx_word' id='word_1_43' title='bbox 1696 1213 1771 1279; x_wconf 90' lang='lat' dir='ltr'><strong>Non</strong></span> 
     </span>
     <span class='ocr_line' id='line_1_6' title="bbox 266 1297 821 1382; baseline 0.005 -22"><span class='ocrx_word' id='word_1_44' title='bbox 266 1299 451 1382; x_wconf 81' lang='lat' dir='ltr'><strong>respondet,</strong></span> <span class='ocrx_word' id='word_1_45' title='bbox 464 1299 542 1382; x_wconf 88' lang='lat' dir='ltr'><strong>quia</strong></span> <span class='ocrx_word' id='word_1_46' title='bbox 557 1297 654 1363; x_wconf 90' lang='lat' dir='ltr'><strong>solvit</strong></span> <span class='ocrx_word' id='word_1_47' title='bbox 669 1299 821 1363; x_wconf 87' lang='lat' dir='ltr'><strong>decimas.</strong></span> 
     </span>
    </p>
   </div>
   <div class='ocr_carea' id='block_1_4' title="bbox 266 1398 1791 1695">
    <p class='ocr_par' dir='ltr' id='par_1_4' title="bbox 266 1398 1791 1695">
     <span class='ocr_line' id='line_1_7' title="bbox 310 1398 1791 1523; baseline 0.003 -25"><span class='ocrx_word' id='word_1_48' title='bbox 310 1434 465 1500; x_wconf 88' lang='lat' dir='ltr'><strong>Ricardus</strong></span> <span class='ocrx_word' id='word_1_49' title='bbox 489 1436 628 1521; x_wconf 83' lang='lat' dir='ltr'><strong>Tystede</strong></span> <span class='ocrx_word' id='word_1_50' title='bbox 651 1441 685 1498; x_wconf 86' lang='lat' dir='ltr'><strong>et</strong></span> <span class='ocrx_word' id='word_1_51' title='bbox 707 1436 884 1520; x_wconf 89' lang='lat' dir='ltr'><strong>parcenarii</strong></span> <span class='ocrx_word' id='word_1_52' title='bbox 907 1436 958 1499; x_wconf 90' lang='lat' dir='ltr'><strong>sui</strong></span> <span class='ocrx_word' id='word_1_53' title='bbox 984 1441 1098 1500; x_wconf 88' lang='lat' dir='ltr'><strong>tenent</strong></span> <span class='ocrx_word' id='word_1_54' title='bbox 1124 1437 1159 1499; x_wconf 95' lang='lat' dir='ltr'><strong>in</strong></span> <span class='ocrx_word' id='word_1_55' title='bbox 1176 1437 1424 1505; x_wconf 82' lang='lat' dir='ltr'><strong>Wnsrrvsrann</strong></span> <span class='ocrx_word' id='word_1_56' title='bbox 1448 1437 1474 1522; x_wconf 91' lang='lat' dir='ltr'><strong>j.</strong></span> <span class='ocrx_word' id='word_1_57' title='bbox 1492 1440 1515 1503; x_wconf 87' lang='lat' dir='ltr'><strong>f.</strong></span> <span class='ocrx_word' id='word_1_58' title='bbox 1532 1438 1573 1501; x_wconf 90' lang='lat' dir='ltr'><strong>de</strong></span> <span class='ocrx_word' id='word_1_59' title='bbox 1599 1459 1663 1523; x_wconf 92' lang='lat' dir='ltr'><strong>quo</strong></span> <span class='ocrx_word' id='word_1_60' title='bbox 1678 1398 1791 1502; x_wconf 82' lang='lat' dir='ltr'><strong>feodo</strong></span> 
     </span>
     <span class='ocr_line' id='line_1_8' title="bbox 266 1522 1769 1608; baseline 0.002 -23"><span class='ocrx_word' id='word_1_61' title='bbox 266 1523 352 1606; x_wconf 90' lang='lat' dir='ltr'><strong>prior</strong></span> <span class='ocrx_word' id='word_1_62' title='bbox 374 1523 415 1588; x_wconf 88' lang='lat' dir='ltr'><strong>de</strong></span> <span class='ocrx_word' id='word_1_63' title='bbox 440 1523 531 1587; x_wconf 88' lang='lat' dir='ltr'><strong>Novo</strong></span> <span class='ocrx_word' id='word_1_64' title='bbox 558 1523 641 1587; x_wconf 88' lang='lat' dir='ltr'><strong>Loco</strong></span> <span class='ocrx_word' id='word_1_65' title='bbox 663 1529 757 1587; x_wconf 86' lang='lat' dir='ltr'><strong>tenet</strong></span> <span class='ocrx_word' id='word_1_66' title='bbox 781 1525 817 1607; x_wconf 92' lang='lat' dir='ltr'><strong>ij.</strong></span> <span class='ocrx_word' id='word_1_67' title='bbox 843 1522 938 1587; x_wconf 85' lang='lat' dir='ltr'><strong>hidas</strong></span> <span class='ocrx_word' id='word_1_68' title='bbox 965 1523 999 1586; x_wconf 92' lang='lat' dir='ltr'><strong>in</strong></span> <span class='ocrx_word' id='word_1_69' title='bbox 1029 1528 1221 1608; x_wconf 84' lang='lat' dir='ltr'><strong>perpetuam</strong></span> <span class='ocrx_word' id='word_1_70' title='bbox 1250 1525 1473 1604; x_wconf 77' lang='lat' dir='ltr'><strong>elemosinam,</strong></span> <span class='ocrx_word' id='word_1_71' title='bbox 1504 1545 1567 1608; x_wconf 92' lang='lat' dir='ltr'><strong>que</strong></span> <span class='ocrx_word' id='word_1_72' title='bbox 1598 1527 1769 1588; x_wconf 82' lang='lat' dir='ltr'><strong>continent</strong></span> 
     </span>
     <span class='ocr_line' id='line_1_9' title="bbox 267 1610 752 1695; baseline 0.006 -22"><span class='ocrx_word' id='word_1_73' title='bbox 267 1612 400 1675; x_wconf 82' lang='lat' dir='ltr'><strong>terciam</strong></span> <span class='ocrx_word' id='word_1_74' title='bbox 414 1615 543 1694; x_wconf 86' lang='lat' dir='ltr'><strong>partem</strong></span> <span class='ocrx_word' id='word_1_75' title='bbox 559 1610 583 1678; x_wconf 86' lang='lat' dir='ltr'><strong>i.</strong></span> <span class='ocrx_word' id='word_1_76' title='bbox 600 1611 752 1695; x_wconf 83' lang='lat' dir='ltr'><strong>predicti.</strong></span> 
     </span>
    </p>
   </div>
   <div class='ocr_carea' id='block_1_5' title="bbox 763 1849 1145 1919">
    <p class='ocr_par' dir='ltr' id='par_1_5' title="bbox 763 1849 1145 1919">
     <span class='ocr_line' id='line_1_10' title="bbox 763 1849 1145 1919; baseline -0.005 -1"><span class='ocrx_word' id='word_1_77' title='bbox 763 1853 766 1860; x_wconf 87' lang='lat'>&#39;</span> <span class='ocrx_word' id='word_1_78' title='bbox 895 1849 1145 1919; x_wconf 82' lang='lat' dir='ltr'><strong>ORONDALL.</strong></span> 
     </span>
    </p>
   </div>
   <div class='ocr_carea' id='block_1_6' title="bbox 309 2011 1274 2097">
    <p class='ocr_par' dir='ltr' id='par_1_6' title="bbox 309 2011 1274 2097">
     <span class='ocr_line' id='line_1_11' title="bbox 309 2011 1274 2097; baseline 0.004 -22"><span class='ocrx_word' id='word_1_79' title='bbox 309 2011 395 2076; x_wconf 87' lang='lat' dir='ltr'><strong>Item</strong></span> <span class='ocrx_word' id='word_1_80' title='bbox 411 2011 572 2077; x_wconf 87' lang='lat' dir='ltr'><strong>Johannes</strong></span> <span class='ocrx_word' id='word_1_81' title='bbox 588 2012 723 2096; x_wconf 84' lang='lat' dir='ltr'><strong>Gyffard</strong></span> <span class='ocrx_word' id='word_1_82' title='bbox 738 2018 830 2077; x_wconf 87' lang='lat' dir='ltr'><strong>tenet</strong></span> <span class='ocrx_word' id='word_1_83' title='bbox 843 2013 878 2076; x_wconf 93' lang='lat' dir='ltr'><strong>in</strong></span> <span class='ocrx_word' id='word_1_84' title='bbox 894 2013 1022 2080; x_wconf 72' lang='lat' dir='ltr'><strong>Ionum.</strong></span> <span class='ocrx_word' id='word_1_85' title='bbox 1039 2016 1073 2077; x_wconf 83' lang='lat' dir='ltr'><strong>et</strong></span> <span class='ocrx_word' id='word_1_86' title='bbox 1089 2013 1178 2082; x_wconf 76' lang='lat' dir='ltr'><strong>(lova</strong></span> <span class='ocrx_word' id='word_1_87' title='bbox 1194 2013 1232 2097; x_wconf 84' lang='lat' dir='ltr'><strong>ij.</strong></span> <span class='ocrx_word' id='word_1_88' title='bbox 1250 2013 1274 2079; x_wconf 86' lang='lat' dir='ltr'><strong>f.</strong></span> 
     </span>
    </p>
   </div>
   <div class='ocr_carea' id='block_1_7' title="bbox 266 2145 1769 2319">
    <p class='ocr_par' dir='ltr' id='par_1_7' title="bbox 266 2145 1769 2319">
     <span class='ocr_line' id='line_1_12' title="bbox 266 2145 1769 2300; baseline 0.002 -88"><span class='ocrx_word' id='word_1_89' title='bbox 266 2145 448 2300; x_wconf 63' lang='lat' dir='ltr'><strong>W&#39;l&#39;htomps</strong></span> <span class='ocrx_word' id='word_1_90' title='bbox 476 2148 584 2234; x_wconf 82' lang='lat' dir='ltr'><strong>Byflet</strong></span> <span class='ocrx_word' id='word_1_91' title='bbox 612 2153 704 2216; x_wconf 86' lang='lat' dir='ltr'><strong>tenet</strong></span> <span class='ocrx_word' id='word_1_92' title='bbox 732 2150 768 2214; x_wconf 91' lang='lat' dir='ltr'><strong>in</strong></span> <span class='ocrx_word' id='word_1_93' title='bbox 798 2149 847 2217; x_wconf 83' lang='lat' dir='ltr'><strong>La</strong></span> <span class='ocrx_word' id='word_1_94' title='bbox 876 2148 1002 2218; x_wconf 80' lang='grc'><strong>1111111</strong></span> <span class='ocrx_word' id='word_1_95' title='bbox 1029 2149 1058 2233; x_wconf 92' lang='lat' dir='ltr'><strong>j.</strong></span> <span class='ocrx_word' id='word_1_96' title='bbox 1087 2150 1110 2213; x_wconf 82' lang='lat' dir='ltr'><strong>i·</strong></span> <span class='ocrx_word' id='word_1_97' title='bbox 1141 2149 1227 2234; x_wconf 89' lang='lat' dir='ltr'><strong>quod</strong></span> <span class='ocrx_word' id='word_1_98' title='bbox 1258 2150 1422 2234; x_wconf 88' lang='lat' dir='ltr'><strong>quondam</strong></span> <span class='ocrx_word' id='word_1_99' title='bbox 1452 2150 1518 2214; x_wconf 90' lang='lat' dir='ltr'><strong>fuit</strong></span> <span class='ocrx_word' id='word_1_100' title='bbox 1546 2149 1769 2215; x_wconf 85' lang='lat' dir='ltr'><strong>archidiaconi</strong></span> 
     </span>
     <span class='ocr_line' id='line_1_13' title="bbox 307 2255 454 2319; baseline 0.034 -21"><span class='ocrx_word' id='word_1_101' title='bbox 307 2255 351 2319; x_wconf 84' lang='lat' dir='ltr'><strong>yn</strong></span> <span class='ocrx_word' id='word_1_102' title='bbox 367 2256 454 2303; x_wconf 82' lang='lat' dir='ltr'><strong>onie.</strong></span> 
     </span>
    </p>
   </div>
   <div class='ocr_carea' id='block_1_8' title="bbox 264 2371 1767 2633">
    <p class='ocr_par' dir='ltr' id='par_1_8' title="bbox 264 2371 1767 2633">
     <span class='ocr_line' id='line_1_14' title="bbox 308 2371 1767 2458; baseline 0.001 -20"><span class='ocrx_word' id='word_1_103' title='bbox 308 2374 401 2438; x_wconf 89' lang='lat' dir='ltr'><strong>Prior</strong></span> <span class='ocrx_word' id='word_1_104' title='bbox 430 2372 542 2438; x_wconf 88' lang='lat' dir='ltr'><strong>Sancti</strong></span> <span class='ocrx_word' id='word_1_105' title='bbox 573 2371 717 2438; x_wconf 87' lang='lat' dir='ltr'><strong>Suthuni</strong></span> <span class='ocrx_word' id='word_1_106' title='bbox 745 2373 921 2458; x_wconf 87' lang='lat' dir='ltr'><strong>Wyntonie</strong></span> <span class='ocrx_word' id='word_1_107' title='bbox 950 2377 1044 2439; x_wconf 86' lang='lat' dir='ltr'><strong>tenet</strong></span> <span class='ocrx_word' id='word_1_108' title='bbox 1072 2374 1108 2436; x_wconf 93' lang='lat' dir='ltr'><strong>in</strong></span> <span class='ocrx_word' id='word_1_109' title='bbox 1150 2373 1392 2440; x_wconf 76' lang='lat' dir='ltr'><strong>Lmonsurron</strong></span> <span class='ocrx_word' id='word_1_110' title='bbox 1414 2373 1440 2458; x_wconf 88' lang='lat' dir='ltr'><strong>j.</strong></span> <span class='ocrx_word' id='word_1_111' title='bbox 1466 2375 1491 2438; x_wconf 84' lang='lat' dir='ltr'><strong>f.</strong></span> <span class='ocrx_word' id='word_1_112' title='bbox 1518 2376 1553 2437; x_wconf 93' lang='lat' dir='ltr'><strong>in</strong></span> <span class='ocrx_word' id='word_1_113' title='bbox 1577 2380 1767 2458; x_wconf 86' lang='lat' dir='ltr'><strong>perpetuam</strong></span> 
     </span>
     <span class='ocr_line' id='line_1_15' title="bbox 264 2460 1767 2546; baseline 0.001 -20"><span class='ocrx_word' id='word_1_114' title='bbox 264 2461 484 2542; x_wconf 83' lang='lat' dir='ltr'><strong>elemosinam,</strong></span> <span class='ocrx_word' id='word_1_115' title='bbox 514 2461 600 2546; x_wconf 92' lang='lat' dir='ltr'><strong>quod</strong></span> <span class='ocrx_word' id='word_1_116' title='bbox 628 2462 790 2545; x_wconf 90' lang='lat' dir='ltr'><strong>quondam</strong></span> <span class='ocrx_word' id='word_1_117' title='bbox 820 2462 882 2525; x_wconf 82' lang='lat' dir='ltr'><strong>suit</strong></span> <span class='ocrx_word' id='word_1_118' title='bbox 906 2460 1043 2526; x_wconf 87' lang='lat' dir='ltr'><strong>Isabelle</strong></span> <span class='ocrx_word' id='word_1_119' title='bbox 1069 2462 1178 2525; x_wconf 89' lang='lat' dir='ltr'><strong>uxoris</strong></span> <span class='ocrx_word' id='word_1_120' title='bbox 1212 2461 1353 2525; x_wconf 82' lang='lat' dir='ltr'><strong>Gallridi</strong></span> <span class='ocrx_word' id='word_1_121' title='bbox 1383 2461 1423 2524; x_wconf 89' lang='lat' dir='ltr'><strong>de</strong></span> <span class='ocrx_word' id='word_1_122' title='bbox 1450 2460 1647 2546; x_wconf 77' lang='lat' dir='ltr'><strong>Wyngham.</strong></span> <span class='ocrx_word' id='word_1_123' title='bbox 1692 2463 1767 2527; x_wconf 91' lang='lat' dir='ltr'><strong>Non</strong></span> 
     </span>
     <span class='ocr_line' id='line_1_16' title="bbox 265 2548 1531 2633; baseline 0.001 -20"><span class='ocrx_word' id='word_1_124' title='bbox 265 2548 450 2633; x_wconf 87' lang='lat' dir='ltr'><strong>respondet,</strong></span> <span class='ocrx_word' id='word_1_125' title='bbox 465 2549 542 2633; x_wconf 87' lang='lat' dir='ltr'><strong>quia</strong></span> <span class='ocrx_word' id='word_1_126' title='bbox 557 2549 652 2612; x_wconf 85' lang='lat' dir='ltr'><strong>solvit</strong></span> <span class='ocrx_word' id='word_1_127' title='bbox 668 2549 818 2614; x_wconf 86' lang='lat' dir='ltr'><strong>decimas.</strong></span> <span class='ocrx_word' id='word_1_128' title='bbox 1499 2595 1531 2614; x_wconf 83' lang='grc'><strong>.</strong></span> 
     </span>
    </p>
   </div>
   <div class='ocr_carea' id='block_1_9' title="bbox 265 2683 1766 2840">
    <p class='ocr_par' dir='ltr' id='par_1_9' title="bbox 265 2683 1766 2840">
     <span class='ocr_line' id='line_1_17' title="bbox 265 2683 1766 2838; baseline -0.001 -87"><span class='ocrx_word' id='word_1_129' title='bbox 265 2781 278 2838; x_wconf 65' lang='lat' dir='ltr'>t</span> <span class='ocrx_word' id='word_1_130' title='bbox 307 2684 457 2837; x_wconf 65' lang='lat' dir='ltr'><strong>Jolpanna</strong></span> <span class='ocrx_word' id='word_1_131' title='bbox 472 2685 565 2750; x_wconf 83' lang='lat' dir='ltr'><strong>More</strong></span> <span class='ocrx_word' id='word_1_132' title='bbox 580 2691 672 2752; x_wconf 83' lang='lat' dir='ltr'><strong>tenet</strong></span> <span class='ocrx_word' id='word_1_133' title='bbox 686 2687 721 2750; x_wconf 91' lang='lat' dir='ltr'><strong>in</strong></span> <span class='ocrx_word' id='word_1_134' title='bbox 737 2685 945 2754; x_wconf 75' lang='lat' dir='ltr'><strong>Faaunuaon</strong></span> <span class='ocrx_word' id='word_1_135' title='bbox 962 2686 990 2771; x_wconf 85' lang='lat' dir='ltr'><strong>j.</strong></span> <span class='ocrx_word' id='word_1_136' title='bbox 1006 2687 1029 2751; x_wconf 83' lang='lat' dir='ltr'><strong>f.</strong></span> <span class='ocrx_word' id='word_1_137' title='bbox 1046 2687 1131 2772; x_wconf 93' lang='lat' dir='ltr'><strong>quod</strong></span> <span class='ocrx_word' id='word_1_138' title='bbox 1158 2686 1287 2750; x_wconf 80' lang='lat' dir='ltr'><strong>Amicia</strong></span> <span class='ocrx_word' id='word_1_139' title='bbox 1314 2686 1356 2750; x_wconf 90' lang='lat' dir='ltr'><strong>de</strong></span> <span class='ocrx_word' id='word_1_140' title='bbox 1383 2683 1574 2771; x_wconf 86' lang='lat' dir='ltr'><strong>Farnburgh</strong></span> <span class='ocrx_word' id='word_1_141' title='bbox 1603 2686 1766 2769; x_wconf 88' lang='lat' dir='ltr'><strong>quondam</strong></span> 
     </span>
     <span class='ocr_line' id='line_1_18' title="bbox 281 2795 383 2840; baseline 0 -1"><span class='ocrx_word' id='word_1_142' title='bbox 281 2795 357 2840; x_wconf 87' lang='lat' dir='ltr'><strong>enm</strong></span> <span class='ocrx_word' id='word_1_143' title='bbox 375 2821 383 2838; x_wconf 92' lang='lat'><strong>.</strong></span> 
     </span>
    </p>
   </div>
   <div class='ocr_carea' id='block_1_10' title="bbox 263 2910 1767 3347">
    <p class='ocr_par' dir='ltr' id='par_1_10' title="bbox 263 2910 1767 3347">
     <span class='ocr_line' id='line_1_19' title="bbox 307 2910 1767 2996; baseline -0.001 -22"><span class='ocrx_word' id='word_1_144' title='bbox 307 2911 350 2975; x_wconf 82' lang='lat' dir='ltr'><strong>Et</strong></span> <span class='ocrx_word' id='word_1_145' title='bbox 377 2911 492 2975; x_wconf 89' lang='lat' dir='ltr'><strong>dicunt</strong></span> <span class='ocrx_word' id='word_1_146' title='bbox 516 2913 618 2977; x_wconf 86' lang='lat' dir='ltr'><strong>eciam</strong></span> <span class='ocrx_word' id='word_1_147' title='bbox 645 2933 738 2996; x_wconf 88' lang='lat' dir='ltr'><strong>super</strong></span> <span class='ocrx_word' id='word_1_148' title='bbox 764 2917 1005 2977; x_wconf 88' lang='lat' dir='ltr'><strong>sacramentum</strong></span> <span class='ocrx_word' id='word_1_149' title='bbox 1034 2932 1129 2975; x_wconf 91' lang='lat' dir='ltr'><strong>suum</strong></span> <span class='ocrx_word' id='word_1_150' title='bbox 1154 2910 1240 2995; x_wconf 89' lang='lat' dir='ltr'><strong>quod</strong></span> <span class='ocrx_word' id='word_1_151' title='bbox 1267 2918 1434 2974; x_wconf 85' lang='lat' dir='ltr'><strong>nunaunt</strong></span> <span class='ocrx_word' id='word_1_152' title='bbox 1460 2911 1567 2993; x_wconf 88' lang='lat' dir='ltr'><strong>plures</strong></span> <span class='ocrx_word' id='word_1_153' title='bbox 1582 2911 1638 2992; x_wconf 90' lang='lat' dir='ltr'><strong>qui</strong></span> <span class='ocrx_word' id='word_1_154' title='bbox 1653 2915 1767 2973; x_wconf 88' lang='lat' dir='ltr'><strong>tenent</strong></span> 
     </span>
     <span class='ocr_line' id='line_1_20' title="bbox 264 2998 1767 3083; baseline -0.001 -21"><span class='ocrx_word' id='word_1_155' title='bbox 264 2998 394 3083; x_wconf 90' lang='lat' dir='ltr'><strong>aliquod</strong></span> <span class='ocrx_word' id='word_1_156' title='bbox 410 2999 541 3063; x_wconf 81' lang='lat' dir='ltr'><strong>feodum</strong></span> <span class='ocrx_word' id='word_1_157' title='bbox 567 3000 696 3076; x_wconf 89' lang='lat' dir='ltr'><strong>militis,</strong></span> <span class='ocrx_word' id='word_1_158' title='bbox 719 3001 932 3064; x_wconf 87' lang='lat' dir='ltr'><strong>medietatem</strong></span> <span class='ocrx_word' id='word_1_159' title='bbox 956 2999 1043 3063; x_wconf 86' lang='lat' dir='ltr'><strong>feodi</strong></span> <span class='ocrx_word' id='word_1_160' title='bbox 1067 2998 1194 3076; x_wconf 87' lang='lat' dir='ltr'><strong>militis,</strong></span> <span class='ocrx_word' id='word_1_161' title='bbox 1211 3000 1347 3061; x_wconf 83' lang='lat' dir='ltr'><strong>terciam</strong></span> <span class='ocrx_word' id='word_1_162' title='bbox 1374 3002 1500 3082; x_wconf 85' lang='lat' dir='ltr'><strong>partem</strong></span> <span class='ocrx_word' id='word_1_163' title='bbox 1525 2998 1609 3060; x_wconf 88' lang='lat' dir='ltr'><strong>feodi</strong></span> <span class='ocrx_word' id='word_1_164' title='bbox 1636 2998 1767 3074; x_wconf 85' lang='lat' dir='ltr'><strong>militia,</strong></span> 
     </span>
     <span class='ocr_line' id='line_1_21' title="bbox 264 3083 1766 3172; baseline 0 -22"><span class='ocrx_word' id='word_1_165' title='bbox 264 3107 323 3151; x_wconf 90' lang='lat' dir='ltr'><strong>nec</strong></span> <span class='ocrx_word' id='word_1_166' title='bbox 348 3092 497 3172; x_wconf 86' lang='lat' dir='ltr'><strong>quartam</strong></span> <span class='ocrx_word' id='word_1_167' title='bbox 523 3091 650 3171; x_wconf 86' lang='lat' dir='ltr'><strong>partem</strong></span> <span class='ocrx_word' id='word_1_168' title='bbox 675 3087 760 3151; x_wconf 85' lang='lat' dir='ltr'><strong>feodi</strong></span> <span class='ocrx_word' id='word_1_169' title='bbox 790 3088 921 3166; x_wconf 92' lang='lat' dir='ltr'><strong>militis,</strong></span> <span class='ocrx_word' id='word_1_170' title='bbox 947 3086 1032 3151; x_wconf 85' lang='lat' dir='ltr'><strong>infra</strong></span> <span class='ocrx_word' id='word_1_171' title='bbox 1057 3083 1263 3151; x_wconf 89' lang='lat' dir='ltr'><strong>hundredum</strong></span> <span class='ocrx_word' id='word_1_172' title='bbox 1292 3086 1486 3170; x_wconf 87' lang='lat' dir='ltr'><strong>predictum.</strong></span> <span class='ocrx_word' id='word_1_173' title='bbox 1531 3084 1572 3147; x_wconf 95' lang='lat' dir='ltr'><strong>In</strong></span> <span class='ocrx_word' id='word_1_174' title='bbox 1598 3084 1690 3167; x_wconf 88' lang='lat' dir='ltr'><strong>cujus</strong></span> <span class='ocrx_word' id='word_1_175' title='bbox 1719 3086 1766 3150; x_wconf 88' lang='grc'><strong>101</strong></span> 
     </span>
     <span class='ocr_line' id='line_1_22' title="bbox 263 3171 1766 3260; baseline -0.001 -23"><span class='ocrx_word' id='word_1_176' title='bbox 263 3174 488 3238; x_wconf 85' lang='lat' dir='ltr'><strong>testimonium</strong></span> <span class='ocrx_word' id='word_1_177' title='bbox 502 3173 579 3239; x_wconf 91' lang='lat' dir='ltr'><strong>huic</strong></span> <span class='ocrx_word' id='word_1_178' title='bbox 594 3176 803 3260; x_wconf 88' lang='lat' dir='ltr'><strong>inquisicioni</strong></span> <span class='ocrx_word' id='word_1_179' title='bbox 817 3176 956 3258; x_wconf 79' lang='lat' dir='ltr'><strong>predicti</strong></span> <span class='ocrx_word' id='word_1_180' title='bbox 966 3174 1130 3260; x_wconf 87' lang='lat' dir='ltr'><strong>juratores</strong></span> <span class='ocrx_word' id='word_1_181' title='bbox 1144 3173 1252 3257; x_wconf 80' lang='lat' dir='ltr'><strong>sigilla</strong></span> <span class='ocrx_word' id='word_1_182' title='bbox 1273 3192 1332 3237; x_wconf 88' lang='lat' dir='ltr'><strong>sua</strong></span> <span class='ocrx_word' id='word_1_183' title='bbox 1353 3179 1582 3257; x_wconf 89' lang='lat' dir='ltr'><strong>apposuerunt.</strong></span> <span class='ocrx_word' id='word_1_184' title='bbox 1631 3171 1766 3250; x_wconf 87' lang='lat' dir='ltr'><strong>Datum,</strong></span> 
     </span>
     <span class='ocr_line' id='line_1_23' title="bbox 263 3260 790 3347; baseline 0.008 -22"><span class='ocrx_word' id='word_1_185' title='bbox 263 3260 326 3342; x_wconf 90' lang='lat' dir='ltr'><strong>die,</strong></span> <span class='ocrx_word' id='word_1_186' title='bbox 341 3260 421 3339; x_wconf 89' lang='lat' dir='ltr'><strong>loco,</strong></span> <span class='ocrx_word' id='word_1_187' title='bbox 436 3267 471 3326; x_wconf 89' lang='lat' dir='ltr'><strong>et</strong></span> <span class='ocrx_word' id='word_1_188' title='bbox 486 3281 571 3327; x_wconf 89' lang='lat' dir='ltr'><strong>anno</strong></span> <span class='ocrx_word' id='word_1_189' title='bbox 585 3262 790 3347; x_wconf 86' lang='lat' dir='ltr'><strong>supradictis.</strong></span> 
     </span>
    </p>
   </div>
   <div class='ocr_carea' id='block_1_11' title="bbox 749 3548 1290 3559">
    <p class='ocr_par' dir='ltr' id='par_1_11' title="bbox 749 3548 1290 3559">
     <span class='ocr_line' id='line_1_24' title="bbox 749 3548 1290 3559; baseline -0.006 0"><span class='ocrx_word' id='word_1_190' title='bbox 749 3548 1290 3559; x_wconf 61' lang='lat' dir='ltr'><strong>ffl—</strong></span> 
     </span>
    </p>
   </div>
   <div class='ocr_carea' id='block_1_12' title="bbox 887 3760 1180 3833">
    <p class='ocr_par' dir='ltr' id='par_1_12' title="bbox 887 3760 1180 3833">
     <span class='ocr_line' id='line_1_25' title="bbox 887 3760 1180 3833; baseline -0.02 0"><span class='ocrx_word' id='word_1_191' title='bbox 887 3762 984 3833; x_wconf 76' lang='lat' dir='ltr'><strong>Am.</strong></span> <span class='ocrx_word' id='word_1_192' title='bbox 1029 3760 1144 3833; x_wconf 81' lang='lat'>1431.</span> <span class='ocrx_word' id='word_1_193' title='bbox 1176 3818 1180 3827; x_wconf 89' lang='lat'>.</span> 
     </span>
    </p>
   </div>
   <div class='ocr_carea' id='block_1_13' title="bbox 260 3942 1764 4381">
    <p class='ocr_par' dir='ltr' id='par_1_13' title="bbox 260 3942 1764 4381">
     <span class='ocr_line' id='line_1_26' title="bbox 306 3942 1764 4032; baseline -0.003 -21"><span class='ocrx_word' id='word_1_194' title='bbox 306 3947 467 4012; x_wconf 88' lang='lat' dir='ltr'><strong>Henrious</strong></span> <span class='ocrx_word' id='word_1_195' title='bbox 492 3948 544 4011; x_wconf 91' lang='lat' dir='ltr'><strong>dei</strong></span> <span class='ocrx_word' id='word_1_196' title='bbox 568 3948 675 4032; x_wconf 80' lang='lat' dir='ltr'><strong>gratia</strong></span> <span class='ocrx_word' id='word_1_197' title='bbox 699 3967 756 4011; x_wconf 89' lang='grc'><strong>101</strong></span> <span class='ocrx_word' id='word_1_198' title='bbox 770 3947 888 4031; x_wconf 80' lang='lat' dir='ltr'><strong>Anglie</strong></span> <span class='ocrx_word' id='word_1_199' title='bbox 916 3951 951 4009; x_wconf 89' lang='lat' dir='ltr'><strong>et</strong></span> <span class='ocrx_word' id='word_1_200' title='bbox 975 3944 1112 4007; x_wconf 84' lang='lat' dir='ltr'><strong>Francia</strong></span> <span class='ocrx_word' id='word_1_201' title='bbox 1140 3951 1174 4007; x_wconf 88' lang='lat' dir='ltr'><strong>et</strong></span> <span class='ocrx_word' id='word_1_202' title='bbox 1197 3943 1349 4006; x_wconf 83' lang='lat' dir='ltr'><strong>dominus</strong></span> <span class='ocrx_word' id='word_1_203' title='bbox 1375 3942 1534 4006; x_wconf 83' lang='lat' dir='ltr'><strong>Hibernie</strong></span> <span class='ocrx_word' id='word_1_204' title='bbox 1560 3942 1686 4005; x_wconf 87' lang='lat' dir='ltr'><strong>dilectis</strong></span> <span class='ocrx_word' id='word_1_205' title='bbox 1702 3942 1764 4007; x_wconf 81' lang='lat' dir='ltr'><strong>sibi</strong></span> 
     </span>
     <span class='ocr_line' id='line_1_27' title="bbox 260 4027 1763 4114; baseline -0.004 -15"><span class='ocrx_word' id='word_1_206' title='bbox 260 4033 404 4099; x_wconf 86' lang='lat' dir='ltr'><strong>Johanni</strong></span> <span class='ocrx_word' id='word_1_207' title='bbox 429 4034 583 4114; x_wconf 85' lang='lat' dir='ltr'><strong>Uvedale‚</strong></span> <span class='ocrx_word' id='word_1_208' title='bbox 599 4034 762 4097; x_wconf 89' lang='lat' dir='ltr'><strong>Willelmo</strong></span> <span class='ocrx_word' id='word_1_209' title='bbox 777 4032 907 4108; x_wconf 87' lang='lat' dir='ltr'><strong>Brocas,</strong></span> <span class='ocrx_word' id='word_1_210' title='bbox 923 4031 1066 4094; x_wconf 86' lang='lat' dir='ltr'><strong>Roberto</strong></span> <span class='ocrx_word' id='word_1_211' title='bbox 1081 4030 1243 4114; x_wconf 81' lang='lat' dir='ltr'><strong>Dyngley,</strong></span> <span class='ocrx_word' id='word_1_212' title='bbox 1260 4027 1403 4093; x_wconf 87' lang='lat' dir='ltr'><strong>Johanni</strong></span> <span class='ocrx_word' id='word_1_213' title='bbox 1419 4029 1527 4099; x_wconf 88' lang='lat' dir='ltr'><strong>Rocle,</strong></span> <span class='ocrx_word' id='word_1_214' title='bbox 1538 4035 1571 4092; x_wconf 91' lang='grc'><strong>01</strong></span> <span class='ocrx_word' id='word_1_215' title='bbox 1581 4030 1763 4094; x_wconf 81' lang='lat' dir='ltr'><strong>vicecomiti</strong></span> 
     </span>
     <span class='ocr_line' id='line_1_28' title="bbox 262 4115 1762 4206; baseline -0.004 -20"><span class='ocrx_word' id='word_1_216' title='bbox 262 4120 520 4206; x_wconf 77' lang='lat' dir='ltr'><strong>Soutlaampton&#39;,</strong></span> <span class='ocrx_word' id='word_1_217' title='bbox 546 4122 685 4185; x_wconf 84' lang='lat' dir='ltr'><strong>salutem</strong></span> <span class='ocrx_word' id='word_1_218' title='bbox 713 4119 783 4200; x_wconf 77' lang='lat' dir='ltr'><strong>(dcc.</strong></span> <span class='ocrx_word' id='word_1_219' title='bbox 809 4138 847 4183; x_wconf 77' lang='lat' dir='ltr'><strong>aa</strong></span> <span class='ocrx_word' id='word_1_220' title='bbox 871 4119 943 4185; x_wconf 80' lang='lat' dir='ltr'><strong>Vol.</strong></span> <span class='ocrx_word' id='word_1_221' title='bbox 962 4118 989 4179; x_wconf 90' lang='grc' dir='ltr'><strong>Ι.</strong></span> <span class='ocrx_word' id='word_1_222' title='bbox 1011 4138 1044 4201; x_wconf 86' lang='lat' dir='ltr'><strong>p.</strong></span> <span class='ocrx_word' id='word_1_223' title='bbox 1060 4120 1150 4194; x_wconf 83' lang='lat'><strong>272).</strong></span> <span class='ocrx_word' id='word_1_224' title='bbox 1195 4118 1235 4180; x_wconf 93' lang='lat' dir='ltr'><strong>ln</strong></span> <span class='ocrx_word' id='word_1_225' title='bbox 1261 4116 1355 4199; x_wconf 86' lang='lat' dir='ltr'><strong>cujus</strong></span> <span class='ocrx_word' id='word_1_226' title='bbox 1380 4117 1428 4178; x_wconf 90' lang='lat' dir='ltr'><strong>rei</strong></span> <span class='ocrx_word' id='word_1_227' title='bbox 1452 4116 1677 4200; x_wconf 87' lang='lat' dir='ltr'><strong>testimonium</strong></span> <span class='ocrx_word' id='word_1_228' title='bbox 1704 4115 1762 4180; x_wconf 89' lang='lat' dir='ltr'><strong>has</strong></span> 
     </span>
     <span class='ocr_line' id='line_1_29' title="bbox 260 4201 1760 4290; baseline -0.004 -17"><span class='ocrx_word' id='word_1_229' title='bbox 260 4209 387 4274; x_wconf 84' lang='lat' dir='ltr'><strong>litteras</strong></span> <span class='ocrx_word' id='word_1_230' title='bbox 402 4215 527 4272; x_wconf 88' lang='lat' dir='ltr'><strong>nostras</strong></span> <span class='ocrx_word' id='word_1_231' title='bbox 541 4208 611 4272; x_wconf 87' lang='lat' dir='ltr'><strong>fieri</strong></span> <span class='ocrx_word' id='word_1_232' title='bbox 626 4208 762 4271; x_wconf 82' lang='lat' dir='ltr'><strong>lecimus</strong></span> <span class='ocrx_word' id='word_1_233' title='bbox 776 4211 938 4290; x_wconf 85' lang='lat' dir='ltr'><strong>patentes.</strong></span> <span class='ocrx_word' id='word_1_234' title='bbox 982 4204 1080 4267; x_wconf 87' lang='lat' dir='ltr'><strong>Teste</strong></span> <span class='ocrx_word' id='word_1_235' title='bbox 1096 4202 1287 4281; x_wconf 88' lang='lat' dir='ltr'><strong>Humfredo,</strong></span> <span class='ocrx_word' id='word_1_236' title='bbox 1299 4203 1381 4265; x_wconf 88' lang='lat' dir='ltr'><strong>duce</strong></span> <span class='ocrx_word' id='word_1_237' title='bbox 1398 4201 1613 4277; x_wconf 84' lang='lat' dir='ltr'><strong>Glouoestrie,</strong></span> <span class='ocrx_word' id='word_1_238' title='bbox 1628 4204 1760 4267; x_wconf 88' lang='lat' dir='ltr'><strong>custode</strong></span> 
     </span>
     <span class='ocr_line' id='line_1_30' title="bbox 260 4288 1571 4381; baseline -0.004 -20"><span class='ocrx_word' id='word_1_239' title='bbox 260 4296 387 4381; x_wconf 75' lang='lat' dir='ltr'><strong>Anglie,</strong></span> <span class='ocrx_word' id='word_1_240' title='bbox 401 4296 488 4380; x_wconf 90' lang='lat' dir='ltr'><strong>apud</strong></span> <span class='ocrx_word' id='word_1_241' title='bbox 503 4294 838 4373; x_wconf 78' lang='lat' dir='ltr'><strong>westmonasterium,</strong></span> <span class='ocrx_word' id='word_1_242' title='bbox 855 4292 911 4375; x_wconf 84' lang='lat' dir='ltr'><strong>xij.</strong></span> <span class='ocrx_word' id='word_1_243' title='bbox 927 4290 982 4355; x_wconf 87' lang='lat' dir='ltr'><strong>die</strong></span> <span class='ocrx_word' id='word_1_244' title='bbox 999 4289 1129 4374; x_wconf 79' lang='lat' dir='ltr'><strong>Aprilis,</strong></span> <span class='ocrx_word' id='word_1_245' title='bbox 1144 4309 1230 4352; x_wconf 90' lang='lat' dir='ltr'><strong>anuo</strong></span> <span class='ocrx_word' id='word_1_246' title='bbox 1246 4290 1341 4374; x_wconf 87' lang='lat' dir='ltr'><strong>regni</strong></span> <span class='ocrx_word' id='word_1_247' title='bbox 1356 4288 1459 4353; x_wconf 89' lang='lat' dir='ltr'><strong>nostri</strong></span> <span class='ocrx_word' id='word_1_248' title='bbox 1475 4308 1571 4356; x_wconf 87' lang='lat' dir='ltr'><strong>nono.</strong></span> 
     </span>
    </p>
   </div>
   <div class='ocr_carea' id='block_1_14' title="bbox 309 4434 492 4513">
    <p class='ocr_par' dir='ltr' id='par_1_14' title="bbox 309 4434 492 4513">
     <span class='ocr_line' id='line_1_31' title="bbox 309 4434 492 4513; baseline -0.005 -15"><span class='ocrx_word' id='word_1_249' title='bbox 309 4434 360 4513; x_wconf 85' lang='lat' dir='ltr'><strong>(ln</strong></span> <span class='ocrx_word' id='word_1_250' title='bbox 374 4435 492 4511; x_wconf 85' lang='lat' dir='ltr'><strong>dorso.)</strong></span> 
     </span>
    </p>
   </div>
   <div class='ocr_carea' id='block_1_15' title="bbox 260 4563 1759 4743">
    <p class='ocr_par' dir='ltr' id='par_1_15' title="bbox 260 4563 1759 4743">
     <span class='ocr_line' id='line_1_32' title="bbox 302 4563 1759 4653; baseline -0.004 -18"><span class='ocrx_word' id='word_1_251' title='bbox 302 4572 373 4637; x_wconf 87' lang='lat' dir='ltr'><strong>Has</strong></span> <span class='ocrx_word' id='word_1_252' title='bbox 387 4572 515 4636; x_wconf 84' lang='lat' dir='ltr'><strong>litteras</strong></span> <span class='ocrx_word' id='word_1_253' title='bbox 529 4574 679 4653; x_wconf 84' lang='lat' dir='ltr'><strong>patentes</strong></span> <span class='ocrx_word' id='word_1_254' title='bbox 694 4590 758 4634; x_wconf 91' lang='lat' dir='ltr'><strong>una</strong></span> <span class='ocrx_word' id='word_1_255' title='bbox 773 4590 848 4633; x_wconf 94' lang='lat' dir='ltr'><strong>cum</strong></span> <span class='ocrx_word' id='word_1_256' title='bbox 863 4570 907 4634; x_wconf 87' lang='lat' dir='ltr'><strong>ix.</strong></span> <span class='ocrx_word' id='word_1_257' title='bbox 923 4566 1193 4652; x_wconf 88' lang='lat' dir='ltr'><strong>inquisicionibus</strong></span> <span class='ocrx_word' id='word_1_258' title='bbox 1216 4564 1337 4629; x_wconf 87' lang='lat' dir='ltr'><strong>eisdem</strong></span> <span class='ocrx_word' id='word_1_259' title='bbox 1360 4565 1502 4627; x_wconf 89' lang='lat' dir='ltr'><strong>conantis</strong></span> <span class='ocrx_word' id='word_1_260' title='bbox 1527 4563 1678 4627; x_wconf 85' lang='lat' dir='ltr'><strong>liberavit</strong></span> <span class='ocrx_word' id='word_1_261' title='bbox 1707 4563 1759 4629; x_wconf 90' lang='lat' dir='ltr'><strong>hic</strong></span> 
     </span>
     <span class='ocr_line' id='line_1_33' title="bbox 260 4651 1558 4743; baseline -0.005 -21"><span class='ocrx_word' id='word_1_262' title='bbox 260 4658 419 4724; x_wconf 87' lang='lat' dir='ltr'><strong>Robertus</strong></span> <span class='ocrx_word' id='word_1_263' title='bbox 433 4658 582 4743; x_wconf 82' lang='lat' dir='ltr'><strong>Dyngley</strong></span> <span class='ocrx_word' id='word_1_264' title='bbox 596 4658 701 4743; x_wconf 89' lang='lat' dir='ltr'><strong>primo</strong></span> <span class='ocrx_word' id='word_1_265' title='bbox 715 4658 768 4721; x_wconf 90' lang='lat' dir='ltr'><strong>die</strong></span> <span class='ocrx_word' id='word_1_266' title='bbox 784 4656 961 4735; x_wconf 73' lang='lat' dir='ltr'><strong>Februarii,</strong></span> <span class='ocrx_word' id='word_1_267' title='bbox 977 4675 1061 4719; x_wconf 91' lang='lat' dir='ltr'><strong>anno</strong></span> <span class='ocrx_word' id='word_1_268' title='bbox 1076 4654 1201 4718; x_wconf 88' lang='lat' dir='ltr'><strong>decimo</strong></span> <span class='ocrx_word' id='word_1_269' title='bbox 1216 4652 1300 4737; x_wconf 89' lang='lat' dir='ltr'><strong>regis</strong></span> <span class='ocrx_word' id='word_1_270' title='bbox 1315 4651 1449 4715; x_wconf 87' lang='lat' dir='ltr'><strong>Henrici</strong></span> <span class='ocrx_word' id='word_1_271' title='bbox 1464 4651 1558 4716; x_wconf 88' lang='lat' dir='ltr'><strong>sexti.</strong></span> 
     </span>
    </p>
   </div>
   <div class='ocr_carea' id='block_1_16' title="bbox 755 4889 1267 4984">
    <p class='ocr_par' dir='ltr' id='par_1_16' title="bbox 755 4889 1267 4984">
     <span class='ocr_line' id='line_1_34' title="bbox 755 4889 1267 4984; baseline -0.012 -19"><span class='ocrx_word' id='word_1_272' title='bbox 755 4894 905 4984; x_wconf 82' lang='lat' dir='ltr'><strong>[vum</strong></span> <span class='ocrx_word' id='word_1_273' title='bbox 929 4889 1267 4979; x_wconf 78' lang='grc'><strong>0111111101]</strong></span> 
     </span>
    </p>
   </div>
   <div class='ocr_carea' id='block_1_17' title="bbox 259 5048 1759 5580">
    <p class='ocr_par' dir='ltr' id='par_1_17' title="bbox 259 5048 1759 5580">
     <span class='ocr_line' id='line_1_35' title="bbox 305 5048 1759 5144; baseline -0.006 -23"><span class='ocrx_word' id='word_1_274' title='bbox 305 5056 482 5142; x_wconf 88' lang='lat' dir='ltr'><strong>Inquisioio</strong></span> <span class='ocrx_word' id='word_1_275' title='bbox 503 5065 598 5144; x_wconf 84' lang='lat' dir='ltr'><strong>capta</strong></span> <span class='ocrx_word' id='word_1_276' title='bbox 619 5059 706 5143; x_wconf 89' lang='lat' dir='ltr'><strong>apud</strong></span> <span class='ocrx_word' id='word_1_277' title='bbox 723 5059 943 5144; x_wconf 86' lang='lat' dir='ltr'><strong>Wyntoniam,</strong></span> <span class='ocrx_word' id='word_1_278' title='bbox 967 5077 1073 5123; x_wconf 88' lang='lat' dir='ltr'><strong>coram</strong></span> <span class='ocrx_word' id='word_1_279' title='bbox 1098 5054 1247 5121; x_wconf 90' lang='lat' dir='ltr'><strong>Johanne</strong></span> <span class='ocrx_word' id='word_1_280' title='bbox 1273 5052 1425 5131; x_wconf 84' lang='lat' dir='ltr'><strong>Uvedale,</strong></span> <span class='ocrx_word' id='word_1_281' title='bbox 1442 5050 1606 5124; x_wconf 84' lang='lat' dir='ltr'><strong>willelmo</strong></span> <span class='ocrx_word' id='word_1_282' title='bbox 1632 5048 1759 5128; x_wconf 86' lang='lat' dir='ltr'><strong>Brocas,</strong></span> 
     </span>
     <span class='ocr_line' id='line_1_36' title="bbox 261 5137 1758 5232; baseline -0.007 -22"><span class='ocrx_word' id='word_1_283' title='bbox 261 5144 401 5211; x_wconf 88' lang='lat' dir='ltr'><strong>Roberto</strong></span> <span class='ocrx_word' id='word_1_284' title='bbox 416 5146 555 5232; x_wconf 84' lang='lat' dir='ltr'><strong>Dyngle,</strong></span> <span class='ocrx_word' id='word_1_285' title='bbox 572 5147 594 5214; x_wconf 88' lang='lat' dir='ltr'>J</span> <span class='ocrx_word' id='word_1_286' title='bbox 595 5149 720 5212; x_wconf 89' lang='lat' dir='ltr'><strong>ohanne</strong></span> <span class='ocrx_word' id='word_1_287' title='bbox 735 5146 850 5224; x_wconf 88' lang='lat' dir='ltr'><strong>Rocle,</strong></span> <span class='ocrx_word' id='word_1_288' title='bbox 864 5167 901 5209; x_wconf 90' lang='lat' dir='ltr'><strong>ao</strong></span> <span class='ocrx_word' id='word_1_289' title='bbox 916 5146 1105 5210; x_wconf 90' lang='lat' dir='ltr'><strong>vicecomite</strong></span> <span class='ocrx_word' id='word_1_290' title='bbox 1121 5140 1359 5224; x_wconf 86' lang='lat' dir='ltr'><strong>Suthampton&#39;,</strong></span> <span class='ocrx_word' id='word_1_291' title='bbox 1374 5140 1429 5201; x_wconf 92' lang='lat' dir='ltr'><strong>die</strong></span> <span class='ocrx_word' id='word_1_292' title='bbox 1442 5137 1598 5202; x_wconf 86' lang='lat' dir='ltr'><strong>Mercurii</strong></span> <span class='ocrx_word' id='word_1_293' title='bbox 1613 5138 1758 5220; x_wconf 86' lang='lat' dir='ltr'><strong>proximo</strong></span> 
     </span>
     <span class='ocr_line' id='line_1_37' title="bbox 260 5226 1759 5319; baseline -0.009 -22"><span class='ocrx_word' id='word_1_294' title='bbox 260 5237 334 5317; x_wconf 88' lang='lat' dir='ltr'><strong>post</strong></span> <span class='ocrx_word' id='word_1_295' title='bbox 358 5234 480 5298; x_wconf 85' lang='lat' dir='ltr'><strong>festum</strong></span> <span class='ocrx_word' id='word_1_296' title='bbox 509 5235 691 5319; x_wconf 83' lang='lat' dir='ltr'><strong>Epiphania</strong></span> <span class='ocrx_word' id='word_1_297' title='bbox 716 5234 851 5314; x_wconf 87' lang='lat' dir='ltr'><strong>domini,</strong></span> <span class='ocrx_word' id='word_1_298' title='bbox 867 5252 951 5296; x_wconf 91' lang='lat' dir='ltr'><strong>anno</strong></span> <span class='ocrx_word' id='word_1_299' title='bbox 976 5232 1071 5314; x_wconf 84' lang='lat' dir='ltr'><strong>regni</strong></span> <span class='ocrx_word' id='word_1_300' title='bbox 1092 5232 1177 5314; x_wconf 77' lang='lat' dir='ltr'><strong>regis</strong></span> <span class='ocrx_word' id='word_1_301' title='bbox 1202 5228 1335 5291; x_wconf 87' lang='lat' dir='ltr'><strong>Henrici</strong></span> <span class='ocrx_word' id='word_1_302' title='bbox 1359 5226 1441 5289; x_wconf 83' lang='lat' dir='ltr'><strong>sexti</strong></span> <span class='ocrx_word' id='word_1_303' title='bbox 1457 5230 1532 5308; x_wconf 85' lang='lat' dir='ltr'><strong>poet</strong></span> <span class='ocrx_word' id='word_1_304' title='bbox 1546 5230 1759 5305; x_wconf 85' lang='lat' dir='ltr'><strong>conquestum</strong></span> 
     </span>
     <span class='ocr_line' id='line_1_38' title="bbox 259 5310 1759 5403; baseline -0.007 -20"><span class='ocrx_word' id='word_1_305' title='bbox 259 5320 394 5401; x_wconf 91' lang='lat' dir='ltr'><strong>decimo,</strong></span> <span class='ocrx_word' id='word_1_306' title='bbox 423 5324 546 5386; x_wconf 90' lang='lat' dir='ltr'><strong>virtute</strong></span> <span class='ocrx_word' id='word_1_307' title='bbox 575 5344 612 5386; x_wconf 91' lang='lat' dir='ltr'><strong>ac</strong></span> <span class='ocrx_word' id='word_1_308' title='bbox 642 5323 835 5385; x_wconf 86' lang='lat' dir='ltr'><strong>auctoritate</strong></span> <span class='ocrx_word' id='word_1_309' title='bbox 864 5320 1065 5403; x_wconf 92' lang='lat' dir='ltr'><strong>quarundam</strong></span> <span class='ocrx_word' id='word_1_310' title='bbox 1093 5319 1262 5381; x_wconf 87' lang='lat' dir='ltr'><strong>literarum</strong></span> <span class='ocrx_word' id='word_1_311' title='bbox 1292 5314 1478 5398; x_wconf 87' lang='lat' dir='ltr'><strong>patenoium</strong></span> <span class='ocrx_word' id='word_1_312' title='bbox 1515 5310 1640 5372; x_wconf 92' lang='lat' dir='ltr'><strong>domini</strong></span> <span class='ocrx_word' id='word_1_313' title='bbox 1675 5310 1759 5393; x_wconf 83' lang='lat' dir='ltr'><strong>regis</strong></span> 
     </span>
     <span class='ocr_line' id='line_1_39' title="bbox 259 5401 1756 5492; baseline -0.01 -20"><span class='ocrx_word' id='word_1_314' title='bbox 259 5408 391 5492; x_wconf 83' lang='lat' dir='ltr'><strong>prefatis</strong></span> <span class='ocrx_word' id='word_1_315' title='bbox 417 5408 570 5488; x_wconf 77' lang='grc'><strong>10110111,</strong></span> <span class='ocrx_word' id='word_1_316' title='bbox 592 5409 764 5485; x_wconf 87' lang='lat' dir='ltr'><strong>Willelmo,</strong></span> <span class='ocrx_word' id='word_1_317' title='bbox 779 5407 926 5483; x_wconf 85' lang='lat' dir='ltr'><strong>Ricard0,</strong></span> <span class='ocrx_word' id='word_1_318' title='bbox 949 5412 982 5470; x_wconf 87' lang='lat' dir='ltr'><strong>et</strong></span> <span class='ocrx_word' id='word_1_319' title='bbox 1004 5405 1189 5469; x_wconf 89' lang='lat' dir='ltr'><strong>vicecomiti</strong></span> <span class='ocrx_word' id='word_1_320' title='bbox 1214 5401 1421 5479; x_wconf 88' lang='lat' dir='ltr'><strong>directarum,</strong></span> <span class='ocrx_word' id='word_1_321' title='bbox 1438 5417 1494 5483; x_wconf 90' lang='lat' dir='ltr'><strong>per</strong></span> <span class='ocrx_word' id='word_1_322' title='bbox 1521 5403 1756 5460; x_wconf 88' lang='lat' dir='ltr'><strong>sacramentum</strong></span> 
     </span>
     <span class='ocr_line' id='line_1_40' title="bbox 261 5488 1755 5580; baseline -0.009 -23"><span class='ocrx_word' id='word_1_323' title='bbox 261 5495 317 5580; x_wconf 90' lang='lat' dir='ltr'><strong>xij.</strong></span> <span class='ocrx_word' id='word_1_324' title='bbox 344 5496 498 5580; x_wconf 82' lang='lat' dir='ltr'><strong>legalium</strong></span> <span class='ocrx_word' id='word_1_325' title='bbox 525 5497 695 5561; x_wconf 83' lang='lat' dir='ltr'><strong>hominum</strong></span> <span class='ocrx_word' id='word_1_326' title='bbox 723 5495 799 5559; x_wconf 86' lang='lat' dir='ltr'><strong>ville</strong></span> <span class='ocrx_word' id='word_1_327' title='bbox 824 5492 1052 5577; x_wconf 85' lang='lat' dir='ltr'><strong>Suthamptou&#39;</strong></span> <span class='ocrx_word' id='word_1_328' title='bbox 1074 5493 1230 5576; x_wconf 83' lang='lat' dir='ltr'><strong>predicte,</strong></span> <span class='ocrx_word' id='word_1_329' title='bbox 1256 5488 1418 5566; x_wconf 86' lang='lat' dir='ltr'><strong>videlicet,</strong></span> <span class='ocrx_word' id='word_1_330' title='bbox 1443 5506 1500 5569; x_wconf 89' lang='lat' dir='ltr'><strong>per</strong></span> <span class='ocrx_word' id='word_1_331' title='bbox 1523 5488 1755 5547; x_wconf 80' lang='lat' dir='ltr'><strong>sacramentum</strong></span> 
     </span>
    </p>
   </div>
   <div class='ocr_carea' id='block_1_18' title="bbox 0 0 2064 6200">
    <p class='ocr_par' dir='ltr' id='par_1_18' title="bbox 0 0 2064 6200">
     <span class='ocr_line' id='line_1_41' title="bbox 0 0 2064 6200; baseline 0 0"><span class='ocrx_word' id='word_1_332' title='bbox 0 0 2064 6200; x_wconf 95' lang='lat' dir='ltr'><strong> </strong></span> 
     </span>
    </p>
   </div>
  </div>
 </body>
</html>
