4117 6200
912 616 995 681 Ab.
1021 619 1115 682 1346.
1695 619 1758 683 399

304 905 347 970 Et
361 905 400 970 de
415 905 485 993 viij.
512 930 539 973 c.
561 906 701 990 receptis
724 906 765 972 de
788 905 936 971 Jobanne
963 905 1083 970 Manna
1111 927 1168 990 pro
1190 907 1306 991 quinta
1329 912 1421 991 parte
1432 925 1488 971 un.
1503 905 1529 972 f.
1544 907 1581 970 in
1596 903 1756 986 Huuaaa,

261 1014 359 1076 quam
375 993 532 1058 Ricardus
547 994 587 1058 de
602 995 720 1058 Maunz
736 1015 839 1079 nuper
854 995 963 1058 tenuit
979 994 1019 1059 de
1034 994 1149 1059 eodem
1163 994 1291 1058 bonore.

303 1129 347 1194 Et
376 1130 416 1193 de
446 1152 496 1198 xx.
513 1153 540 1197 s.
571 1129 708 1214 receptis
734 1130 774 1195 de
800 1129 951 1194 Alienore
978 1130 1017 1194 de
1045 1131 1140 1194 Elees
1162 1151 1220 1213 pro
1242 1131 1288 1194 di.
1311 1129 1335 1196 f.
1352 1131 1387 1192 in
1404 1130 1611 1197 Huurnnnrn
1629 1135 1755 1209 (rectius

261 1211 465 1296 Luurnuur),
481 1218 567 1302 quod
583 1217 740 1282 Radulfus
755 1219 795 1282 de
811 1217 905 1282 Blees
919 1238 1022 1302 nuper
1040 1220 1151 1283 tenuit
1165 1218 1206 1281 de
1220 1217 1341 1282 bonore
1357 1219 1398 1281 de
1413 1218 1545 1282 Dilewe.

302 1349 344 1413 Et
360 1349 400 1412 de
414 1350 483 1434 viij.
499 1372 525 1415 s.
542 1351 678 1434 receptis
693 1351 733 1414 de
749 1350 865 1415 abbate
879 1350 918 1414 de
935 1351 1073 1437 Redyng
1087 1372 1144 1435 pro
1160 1351 1276 1434 quinta
1291 1357 1383 1434 parte
1398 1372 1454 1416 un.
1466 1350 1490 1416 t.
1508 1353 1542 1414 in
1556 1351 1605 1416 Lu
1620 1351 1731 1419 Mona.

917 1485 1100 1575 feodorum]
1118 1487 1176 1575 vij.
1192 1488 1216 1554 f.
1233 1509 1277 1553 m.

916 1573 1137 1663 denariorum]
1159 1576 1241 1660 xiiij.
1259 1577 1293 1641 lt.

733 1504 889 1652 sumu

307 1709 441 1774 Summa
455 1709 565 1774 totalis
578 1711 723 1774 omnium
738 1710 904 1775 feodorum
920 1711 1015 1776 istius
1031 1713 1206 1776 comitatus
1222 1712 1306 1797 iiij¹¹
1320 1710 1382 1796 iiij.
1398 1711 1422 1776 f.
1446 1712 1513 1797 xvj⁰
1536 1714 1603 1790 (sic)
1636 1732 1708 1795 pars
1723 1715 1757 1775 ct

263 1797 420 1861 medietas
434 1798 539 1881 xlviij⁰
559 1799 661 1882 partis
676 1818 733 1864 un.
749 1797 773 1864 f.
791 1819 835 1865 m.

305 1933 439 1999 Summa
453 1935 657 2001 denariorum
670 1935 842 2019 :-clxviij.
859 1936 893 2000 u.
909 1935 947 2019 ij.
963 1959 990 2000 s.
1007 1955 1037 2002 x.
1054 1937 1086 2000 d.
1103 1935 1154 1999 ob.
1169 1947 1205 2020 q·
1226 1984 1236 2000 .

807 2150 898 2159 ..ι-...-

875 2292 971 2364 Α.Ῑ).
1017 2291 1138 2364 1428.

348 2477 525 2562 Inquisicio
540 2480 635 2560 capta
649 2477 736 2560 apud
754 2476 913 2541 Hereford
928 2498 1035 2542 coram
1050 2478 1214 2542 Willelmo
1230 2477 1372 2558 Gernon,
1387 2499 1453 2543 uno
1466 2481 1674 2544 collectorum
1697 2500 1755 2563 per

261 2567 518 2629 commissionem
534 2565 659 2628 domiui
678 2565 767 2648 regis
789 2565 826 2628 in
841 2567 999 2628 comitatu
1023 2566 1214 2630 Herefordie
1231 2566 1466 2652 assignatorum
1481 2569 1522 2632 cd
1536 2568 1755 2651 colligendum

261 2653 423 2736 quoddam
453 2653 630 2716 subsidium
656 2652 787 2716 domino
812 2653 880 2738 regi
903 2671 1089 2717 concessum
1115 2654 1157 2718 ad
1192 2654 1348 2718 ultimum
1380 2655 1630 2738 parliamentum
1660 2676 1756 2719 suum

261 2745 390 2803 tentum
404 2739 491 2822 apud
505 2740 829 2808 westmonasterium
844 2741 878 2803 in
894 2739 1057 2823 quindena
1080 2740 1193 2809 Sancti
1216 2740 1386 2805 Michaelis
1409 2743 1497 2806 ultra
1514 2745 1581 2822 (sic)
1608 2743 1755 2826 predicta

264 2829 347 2906 (sic),
361 2827 412 2891 die
427 2827 562 2891 Veneris
577 2829 723 2910 proximo
737 2833 808 2910 post
824 2827 944 2890 festum
959 2827 1163 2892 Invencionis
1181 2828 1298 2896 Sancte
1314 2828 1426 2896 Crucis
1447 2850 1531 2894 auno
1556 2832 1649 2916 regni
1672 2831 1756 2916 regis

262 2913 395 2978 Henrici
410 2915 495 2978 sexti
510 2919 582 2997 post
596 2923 810 2998 conquestum
826 2919 915 2978 sexto
926 2915 1021 2999 juxte
1037 2923 1180 2979 tenorem
1204 2917 1347 2999 predicte
1375 2919 1609 2981 commissionis
1631 2917 1756 2981 domini

260 3004 346 3086 regis
361 3003 402 3066 de
417 3001 526 3065 debita
540 3002 752 3084 inquisicionc
777 3000 927 3066 habenda
950 3003 991 3065 de
1018 3023 1167 3086 supremo
1192 3009 1227 3066 et
1250 3005 1391 3067 maximo
1417 3005 1524 3069 valore
1547 3007 1756 3069 ecclesiarum

259 3087 492 3173 parochialium
506 3091 541 3153 iu
557 3089 691 3154 civitate
706 3089 895 3153 Herefordie
911 3111 965 3173 per
981 3095 1216 3155 sacramentum
1228 3098 1290 3156 etc.
1339 3093 1555 3177 (Tbeflndr'np
1567 3095 1605 3178 of
1614 3095 1675 3160 stu
1691 3092 1756 3158 and

260 3180 383 3243 struitur
396 3180 598 3261 inquisitione
614 3200 668 3243 cre
682 3179 901 3261 incorporated
916 3180 951 3243 in
968 3180 1017 3243 tbc
1024 3179 1190 3262 sollerti-rep
1206 3189 1337 3244 account
1351 3181 1434 3257 roll.)

303 3366 467 3431 Particule
481 3368 624 3451 compoti
639 3366 774 3431 Walteri
789 3366 921 3431 Walker
937 3367 978 3429 de
994 3368 1170 3446 Lemestre,
1187 3367 1208 3431 J
1210 3365 1346 3431 ohannis
1372 3367 1474 3432 Brace
1497 3369 1537 3433 de
1562 3368 1753 3453 Penbrigge,

260 3453 420 3519 lobannis
435 3454 563 3518 Wattes
578 3454 618 3517 de
635 3454 830 3532 Quedeford‚
845 3453 1005 3519 Jobannis
1020 3454 1137 3519 Oorbet
1159 3455 1199 3519 de
1215 3454 1387 3533 Waketon,
1404 3456 1559 3520 Willelmi
1581 3457 1693 3519 Lanka
1716 3457 1756 3521 de

260 3541 494 3626 Kyngescaple‚
518 3546 553 3605 et
576 3541 734 3605 Willelmi
760 3541 915 3620 Gernons,
948 3541 1156 3606 collectorum
1185 3542 1352 3627 cujusdam
1381 3542 1516 3608 subsidii
1538 3548 1574 3607 iu
1596 3546 1756 3608 comitatu

260 3628 449 3693 Herefordie
464 3634 531 3709 (etc.
542 3652 577 3695 ae
589 3640 623 3695 ct
630 3652 665 3712 p.
683 3633 742 3692 184
752 3630 857 3712 cftbie
868 3632 943 3709 rol).
983 3630 1107 3694 Datum
1123 3630 1180 3714 ,jc
1192 3630 1245 3693 die
1257 3628 1376 3714 Aprilis
1391 3650 1479 3693 anno
1494 3632 1552 3715 vj²⁰
1564 3650 1660 3715 super
1670 3632 1756 3695 bunc

260 3722 447 3800 compotum
461 3716 644 3781 liberatum.

787 3908 917 3976 Orvrrss
940 3908 1250 3976 HEREEORDIE.

302 4088 445 4153 Ecclesia
470 4088 589 4157 Suucrr
612 4092 767 4157 Auuonur
793 4092 827 4154 in
854 4092 987 4155 civitate
1012 4092 1203 4155 Herefordie
1228 4092 1315 4155 valet
1331 4112 1388 4175 per
1412 4112 1536 4157 annum
1560 4093 1603 4177 vj.
1619 4115 1753 4161 marcas.

261 4176 459 4256 Subsidium,
487 4176 556 4261 viij.
581 4201 607 4243 s.
633 4178 717 4241 sicut
737 4179 923 4241 continetur
954 4178 987 4243 in
1017 4179 1158 4261 quadam
1187 4179 1401 4262 inquisicione
1429 4181 1506 4244 inde
1536 4188 1630 4265 capta
1659 4203 1756 4267 super

263 4262 349 4327 bunc
370 4268 556 4347 compotum
575 4264 725 4328 liberata.

301 4401 444 4465 Ecclesia
461 4402 579 4471 Sericus
595 4402 700 4468 Pnuar
716 4401 801 4466 valet
816 4422 1011 4486 perannum
1027 4403 1110 4486 xiiij.
1127 4422 1262 4465 marcas.
1299 4402 1633 4488 Subsidium,xviij.s.
1648 4406 1758 4491 viijc.

300 4539 444 4604 Ecclesia
461 4540 579 4608 Ssucrr
595 4541 744 4608 Msurrur
759 4544 792 4604 et
808 4540 934 4623 capella
950 4539 1091 4608 Ouumu
1109 4540 1304 4608 Ssucroauu
1320 4539 1430 4602 valent
1445 4559 1503 4622 per
1514 4542 1756 4623 annumxxviij.

259 4647 392 4693 marcas.
439 4626 637 4709 Subsidium,
653 4628 689 4713 ij.
706 4648 830 4692 marcas
846 4650 876 4695 x.
890 4651 916 4694 s.
934 4628 1003 4711 viij.
1016 4630 1048 4693 d.

297 4765 440 4829 Ecclesia
458 4764 575 4835 Sancus
591 4767 860 4834 Nrcuons1valet
874 4787 933 4851 per
948 4786 1071 4830 annum
1087 4764 1131 4850 vj.
1147 4783 1282 4829 marcas.
1331 4762 1528 4845 Subsidium,
1543 4765 1613 4850 viij.
1624 4790 1652 4835 s.

297 4902 441 4967 Ecclesia
458 4903 756 4972 trimitountus
773 4906 859 4969 velet
877 4924 1072 4989 perannum
1089 4904 1133 4989 vj.
1150 4923 1286 4970 marcas.
1334 4903 1533 4981 Subsidium,
1551 4905 1621 4991 viij.
1632 4928 1658 4969 s.

378 5042 513 5109 Summa
529 5042 644 5107 valoris
659 5043 867 5108 ecclesiarum
882 5045 1101 5127 predictarum
1113 5044 1209 5109 r-xl.
1226 5045 1260 5109 ti.
1310 5042 1513 5120 Subsidium,
1528 5042 1591 5126 iiij.
1608 5043 1643 5106 li.

683 5234 904 5300 Huunueuuu
928 5254 971 5299 nu
995 5233 1343 5302 GRIMESWORTH.

300 5369 445 5433 Ecclesia
460 5368 500 5433 de
516 5370 650 5437 Noarou
665 5374 797 5435 taxatur
813 5371 852 5434 ad
868 5370 948 5457 xvij.
966 5392 1100 5436 marcae.
1162 5369 1361 5450 Subsidium,
1378 5368 1457 5456 xxij.
1469 5392 1495 5432 c.
1513 5368 1583 5451 viij.
1594 5370 1626 5433 d.

300 5503 441 5569 Ecclesia
456 5504 495 5567 de
511 5505 623 5570 Psous
637 5506 873 5572 Csuourcoauu
890 5511 1020 5569 taxatur
1035 5506 1077 5569 ad
1092 5526 1122 5570 x.
1140 5506 1174 5569 tt.
1223 5504 1421 5581 Subsidium,
1438 5524 1490 5570 xx.
1501 5526 1527 5567 c.
