4117 6200
318 634 383 696 442
940 639 1195 710 HERTFORD.

365 925 546 992 Willelmus
576 926 713 992 Motoun
740 933 774 992 et
802 927 962 1010 Johanna,
989 952 1067 996 uxor
1092 933 1173 1017 ejus,
1196 933 1263 997 filia
1289 940 1322 998 et
1350 937 1445 1000 heres
1466 936 1663 1024 Margarete,
1679 940 1817 1005 secunde

320 1013 460 1114 filiarum
488 1018 523 1078 et
546 1012 703 1079 heredum
727 1016 863 1081 Henrici
890 1017 1066 1102 Grapynel,
1082 1026 1257 1085 onerantur
1283 1022 1323 1086 de
1338 1043 1412 1089 xxv.
1424 1047 1450 1091 s.
1467 1045 1525 1107 pro
1539 1025 1660 1090 relevio
1674 1047 1732 1090 suo
1755 1048 1815 1112 pro

319 1101 636 1255 ugsslffiasgssf.
655 1125 699 1169 m.
730 1105 765 1167 in
795 1105 874 1168 villa
903 1107 943 1170 de
972 1106 1188 1175 Lacnsrvnorv.
1240 1108 1282 1171 In
1311 1111 1529 1176 memorandis
1554 1114 1595 1177 de
1619 1133 1707 1177 anno
1732 1116 1800 1200 vij⁰

362 1324 530 1389 Gilbertus
545 1327 575 1390 le
590 1325 768 1410 Gyrdelere
782 1332 932 1392 oneratur
948 1329 988 1393 de
1002 1329 1061 1415 xij.
1072 1352 1097 1396 s.
1116 1330 1172 1414 vij.
1183 1332 1215 1396 d.
1233 1332 1275 1395 de
1288 1334 1409 1397 relevio
1424 1353 1483 1397 suo
1497 1335 1536 1398 de
1552 1334 1625 1419 viij·
1647 1341 1741 1420 parte
1756 1359 1812 1404 un.

319 1412 343 1477 f.
359 1433 404 1478 m.
421 1414 456 1476 in
471 1413 645 1480 Esrwonn.
692 1415 730 1478 ln
747 1417 964 1480 memorandis
978 1437 1063 1481 anno
1079 1418 1216 1498 decimo,
1231 1423 1373 1484 termino
1387 1421 1572 1488 Trinitatis.

361 1569 498 1633 {ihomas
513 1569 545 1632 le
561 1567 691 1648 Barber,
707 1568 795 1633 filius
811 1574 846 1633 et
868 1568 961 1635 heres
977 1571 1068 1636 Petri
1095 1571 1125 1636 le
1151 1572 1283 1651 Becher,
1300 1578 1454 1637 oneratur
1479 1573 1519 1638 de
1536 1574 1573 1658 ij.
1583 1597 1609 1641 s.
1625 1596 1683 1660 pro
1697 1577 1816 1642 relevio

320 1677 377 1720 suo
390 1677 446 1741 pro
461 1657 729 1742 quinquagesima
739 1663 832 1740 parte
847 1678 903 1724 un.
919 1659 943 1724 f.
959 1679 1004 1723 m.
1021 1660 1056 1722 in
1072 1659 1150 1723 villa
1165 1659 1204 1723 de
1222 1659 1388 1730 Suosaav.
1434 1661 1475 1724 In
1496 1663 1714 1727 memorandis
1729 1685 1815 1728 anno

318 1744 411 1828 xiij0.
456 1744 587 1808 Hillarii
603 1743 692 1809 fines.

360 1898 523 1962 Johannes
547 1896 588 1960 de
611 1896 696 1962 Roos
722 1903 869 1962 oneratur
885 1898 924 1962 de
938 1918 990 1964 xv.
1001 1921 1027 1965 a.
1044 1919 1103 1982 pro
1116 1899 1237 1964 relevio
1252 1920 1311 1964 suo
1325 1919 1383 1984 pro
1397 1899 1523 1965 decima
1542 1907 1635 1986 parte
1650 1922 1706 1970 un.
1723 1905 1748 1970 f.
1764 1924 1810 1969 m.

318 1986 353 2048 in
369 1987 588 2052 Asnsnnnsrr.
635 1984 675 2047 In
691 1987 908 2050 memorandis
924 2006 1008 2051 anno
1023 1985 1104 2071 xij0,
1120 1987 1259 2052 termino
1275 1985 1457 2054 Michaelis.

360 2137 543 2202 Willelmus
558 2141 626 2200 atte
641 2137 732 2202 More
747 2143 781 2202 el
795 2137 992 2223 Margareta‚
1007 2159 1087 2203 uxor
1101 2139 1186 2224 ejus,
1198 2145 1375 2205 onerantur
1388 2140 1428 2206 de
1442 2140 1555 2226 xxij.s.
1570 2141 1646 2227 ijs.
1661 2145 1710 2209 oh.
1727 2144 1813 2228 o⁰de

316 2225 434 2290 relevio
450 2245 507 2288 suo
522 2245 580 2309 pro
596 2226 696 2289 tercia
710 2230 804 2309 parte
819 2228 920 2290 trium
945 2228 1090 2312 partium
1104 2246 1160 2293 un.
1176 2227 1200 2290 f.
1216 2248 1261 2293 m.
1277 2229 1313 2290 in
1339 2229 1560 2296 criminor.
1606 2230 1646 2293 ln
1670 2250 1809 2295 memor·

317 2313 411 2377 andis
425 2313 465 2377 de
481 2331 564 2376 anno
579 2312 623 2397 xij
629 2315 658 2392 ⁰,
673 2315 811 2378 termino
827 2312 960 2381 Pascha.
1374 2323 1378 2329 '

358 2465 380 2532 J
381 2465 533 2547 ohannes,
548 2466 634 2529 filius
656 2471 691 2531 et
716 2465 809 2531 heres
823 2467 846 2532 J
847 2468 983 2532 ohannis
997 2466 1099 2551 Boys,
1112 2471 1264 2532 oneratur
1285 2467 1327 2532 de
1340 2489 1370 2534 o.
1382 2491 1410 2536 r.
1425 2468 1467 2532 de
1481 2470 1602 2533 relevio
1617 2489 1676 2534 suo
1690 2469 1731 2534 de
1740 2470 1769 2554 j.
1785 2470 1811 2536 f.

316 2554 696 2706 ssfflocfflrlrgglsirsarn
730 2557 854 2635 (rectius
887 2554 1166 2635 Tomsnvsrn),
1207 2555 1249 2618 In
1277 2555 1493 2620 memorandis
1523 2555 1564 2620 de
1594 2577 1679 2621 anno
1708 2557 1810 2642 xvij0,

358 2794 519 2872 Johsnna,
541 2815 604 2878 que
631 2794 696 2858 fuit
719 2815 797 2858 uxor
813 2795 958 2878 Philippi
983 2795 1022 2859 de
1037 2794 1267 2882 Hevyngham,
1282 2800 1435 2860 oneratur
1449 2795 1490 2860 de
1506 2796 1571 2881 xvj.
1582 2820 1609 2863 a.
1625 2794 1738 2880 viij.d.
1754 2818 1812 2881 pro

315 2883 435 2948 relevio
450 2902 518 2961 suo,
533 2881 687 2946 videlicet
701 2880 765 2965 xvj.
776 2906 802 2949 s.
819 2882 888 2964 viij.
900 2881 933 2947 d.
951 2896 1114 2966 proserta
1135 2888 1228 2967 parte
1243 2904 1299 2949 un.
1316 2885 1339 2948 f.
1356 2904 1401 2949 m.
1417 2885 1453 2946 in
1478 2883 1618 2950 Esrrws
1639 2890 1671 2948 et
1698 2906 1772 2949 xxv.
1782 2908 1810 2951 r.

314 2990 372 3054 pro
397 2974 513 3054 quarta
539 2974 630 3053 parte
652 2989 707 3035 un.
724 2969 747 3034 f.
763 2970 797 3033 in
827 2968 967 3047 Somou,
992 2971 1210 3034 incomitata
1237 2971 1378 3036 Essexie.
1425 2970 1465 3034 In
1489 2971 1707 3036 memorandis
1719 2993 1806 3037 anno

315 3054 422 3143 xiiijs.
467 3053 637 3122 Michaelis
652 3057 743 3123 lines.

356 3210 521 3277 Johannes
536 3211 576 3274 de
602 3211 726 3295 Peyton
750 3215 784 3275 et
806 3211 968 3291 Alienora,
986 3232 1065 3276 uxor
1079 3210 1160 3296 ejus,
1175 3215 1351 3277 onerantur
1365 3212 1405 3276 de
1419 3234 1492 3278 xxv.
1503 3236 1530 3279 a.
1545 3233 1603 3297 pro
1617 3212 1737 3277 relevio
1751 3233 1812 3277 sno

313 3321 370 3451 ll?
382 3297 471 3451 llllh
497 3303 589 3450 gelrie
623 3318 679 3365 un.
710 3299 734 3364 f.
765 3300 799 3363 in
837 3300 959 3367 Maeui
988 3301 1192 3369 Warrnsruo.
1251 3301 1293 3363 In
1329 3301 1547 3365 memorandis
1582 3320 1667 3364 anno
1703 3299 1809 3384 xiiij0.

313 3408 382 3451 iro
472 3408 486 3450 s
547 3408 591 3451 es.

356 3543 498 3608 Thomas
523 3542 562 3606 de
588 3543 764 3608 Bradstans
788 3548 937 3609 oneratur
951 3545 991 3608 de
1005 3566 1035 3609 o.
1044 3568 1071 3610 a.
1088 3564 1145 3628 pro
1160 3562 1216 3610 un.
1233 3542 1257 3610 f.
1273 3564 1332 3629 pro
1346 3540 1466 3609 relevio
1480 3564 1538 3608 sno
1552 3543 1588 3607 in
1602 3543 1809 3610 Mum.

313 3630 354 3695 In
367 3630 584 3697 memorandis
598 3652 683 3696 anno
698 3631 935 3711 decimonono,
952 3632 1092 3697 termino
1108 3631 1242 3697 Pasche.

936 4140 1034 4213 Μ).
1079 4140 1201 4213 1402.

471 4349 706 4439 [Huvonnouu
729 4372 773 4417 ns
796 4352 1077 4419 BRADWATER
1100 4373 1141 4419 er
1163 4344 1655 4435 HYOCHALFHUNDRED]

354 4516 531 4601 Inquisicio
546 4522 641 4601 capta
655 4516 742 4601 apud
771 4516 926 4602 Hycohyn
952 4516 1006 4581 die
1033 4514 1125 4579 Jovis
1150 4516 1186 4579 in
1213 4518 1328 4599 quarta
1353 4515 1536 4598 septimana
1561 4510 1808 4597 quadragesime

309 4625 395 4669 anno
417 4604 510 4689 regni
536 4606 622 4689 regis
648 4604 781 4667 Henrici
806 4607 912 4688 quarti
937 4604 1040 4669 tercio
1067 4604 1106 4667 de
1133 4603 1301 4667 hundredo
1322 4602 1362 4666 de
1377 4602 1610 4666 Bradvateret
1631 4596 1809 4683 Hyochalf·

310 4688 631 4778 hundr[ed],coram
655 4690 816 4756 Eduardo
844 4692 885 4754 de
920 4690 1096 4768 Benstede,
1133 4690 1252 4766 milite,
1288 4690 1429 4754 Roberto
1458 4688 1621 4772 Nevport,
1656 4683 1807 4751 Johanne

310 4776 467 4857 Walsshe,
484 4777 623 4841 Roberto
649 4778 798 4858 Mordon,
818 4777 978 4841 Willelmo
1004 4780 1100 4856 Assh,
1123 4784 1158 4843 et
1184 4777 1277 4841 sociis
1292 4778 1370 4855 suis,
1384 4775 1666 4841 commissionariis
1679 4773 1808 4837 domini

308 4866 394 4951 regis
419 4886 477 4949 pro
503 4864 689 4927 racionabili
712 4864 832 4929 auxilio
857 4864 898 4928 ad
922 4864 1132 4945 Blancheam,
1159 4863 1262 4928 filiam
1276 4864 1424 4947 ejusdem
1447 4863 1572 4927 domini
1586 4862 1671 4947 regis
1685 4860 1806 4943 primo·

307 4955 453 5039 genitam
466 4950 684 5015 maritandam
699 4953 734 5014 in
757 4954 916 5016 comitatu
939 4953 1124 5018 Hertfordie
1138 4952 1314 5037 assignatis
1335 4951 1482 5028 levando,
1495 4970 1554 5035 per
1569 4953 1806 5013 sacramentum

307 5040 439 5105 Ricardi
465 5037 678 5117 Brokesborn‚
715 5036 872 5103 Johaunis
903 5038 996 5105 Svan
1020 5041 1079 5120 ele,
1109 5037 1267 5105 Johannis
1291 5037 1423 5123 Whyte,
1453 5036 1588 5101 Roberti
1612 5034 1806 5119 arhythma,

306 5127 464 5192 Willelmi
490 5126 605 5211 Legat,
632 5124 762 5189 Roberti
789 5126 939 5211 Stopisle,
963 5061 1123 5192 Jolannis
1149 5127 1303 5212 Syberus,
1317 5126 1461 5205 senioris,
1479 5122 1634 5189 Willelmi
1649 5120 1804 5205 Syherue,

308 5214 463 5280 Willelmi
489 5211 623 5291 Menke,
650 5212 807 5277 Johannis
829 5214 965 5299 Lepere,
991 5213 1150 5281 Johannis
1172 5214 1327 5299 Saborgh‚
1342 5217 1376 5277 et
1401 5212 1422 5276 J
1424 5211 1561 5279 ohannis
1576 5209 1731 5288 Waloote,
1745 5209 1805 5291 qui

306 5303 421 5368 dicunt
436 5322 535 5386 super
550 5307 786 5365 sacramentum
801 5322 896 5366 snum
911 5302 996 5388 quod
1007 5326 1061 5367 r·-

350 5440 553 5519 Edmundus‚
582 5438 647 5503 dux
676 5438 822 5519 Eboraci,
846 5444 938 5504 tenet
961 5439 1004 5504 de
1029 5440 1161 5503 domino
1186 5460 1273 5525 rege,
1303 5439 1372 5503 sine
1403 5436 1523 5515 medio,
1551 5432 1731 5498 manerium
1761 5431 1804 5496 de

308 5528 473 5610 Enoria,
489 5549 545 5612 per
561 5527 731 5591 servicium
747 5526 882 5591 duorum
898 5528 921 5593 i.
938 5547 982 5591 m.
