4117 6200
926 606 1013 679 AD.
1039 607 1134 670 1285.
1741 608 1783 672 13

321 814 447 884 Dicunt
471 819 562 903 quod
583 819 619 884 in
643 818 825 886 hundredis
850 818 1009 906 predictis
1033 819 1200 886 habentur
1223 819 1342 885 villate
1362 819 1403 884 16
1428 817 1551 884 Locren
1577 817 1779 895 Karesene,

279 904 358 970 villa
373 906 414 972 (16
439 907 605 987 Gussmn,
619 909 698 974 ville
721 909 762 974 de
778 909 1050 986 Psnmrnsronn,
1065 907 1245 985 Kuomou,
1267 909 1507 986 1116666666,
1523 913 1559 974 61
1570 929 1683 974 omnes
1698 913 1778 974 sunt

278 993 792 1152 681666666161666606661166
827 1005 863 1065 et
885 999 1126 1076 Urwvunonv,
1156 1003 1191 1065 et
1220 1002 1333 1084 preter
1361 998 1512 1064 homines
1542 997 1708 1064 abbatisse
1733 998 1775 1062 (16

321 1199 409 1264 Item
424 1200 466 1266 ds
483 1199 589 1266 feodis
603 1201 759 1281 militum,
773 1223 838 1288 que
852 1206 1011 1268 tenentur
1025 1201 1046 1269 i
1061 1223 1087 1269 c
1103 1202 1144 1266 16
1159 1223 1245 1290 rege,
1260 1201 1316 1267 116

322 1309 453 1381 Dicunt
468 1317 558 1401 quod
574 1316 744 1382 abbatissa
759 1317 800 1383 16
816 1316 959 1383 Taranta
976 1321 1070 1382 tenet
1092 1317 1129 1380 iu
1150 1316 1304 1382 Gussrcn
1328 1315 1436 1381 116616
1451 1338 1505 1381 un.
1522 1315 1545 1380 1.
1562 1317 1598 1380 in
1612 1339 1731 1403 puram
1746 1323 1782 1383 61

277 1409 472 1489 perpetuam
501 1405 720 1485 elemosinam,
751 1412 786 1472 61
815 1407 1046 1472 confirmatum
1070 1411 1122 1471 est
1147 1410 1352 1492 perentam
1379 1406 1506 1472 domini
1533 1407 1670 1472 Henrici
1695 1407 1782 1493 regis

278 1493 382 1596 petris
390 1492 520 1646 pomini
535 1495 693 1562 Edwardi
709 1496 805 1584 regis,
820 1497 879 1583 qui
894 1517 984 1563 nunc
1006 1500 1065 1573 est,
1081 1495 1170 1583 quod
1196 1496 1323 1562 solebat
1349 1496 1455 1562 teneri
1483 1496 1524 1562 16
1548 1496 1682 1563 domino
1705 1518 1782 1584 rege

277 1600 338 1666 pro
348 1604 373 1667 J.
407 1605 472 1652 .m.

320 1695 408 1762 Item
423 1697 840 1778 interammensem,
855 1721 924 1766 une
948 1699 1040 1788 hyda
1061 1702 1149 1765 terre
1171 1699 1349 1764 tenebatur
1363 1700 1405 1765 de
1420 1721 1497 1788 rege
1513 1722 1572 1786 per
1587 1700 1780 1782 serjantiam

275 1787 430 1852 mutandi
444 1809 549 1854 unum
563 1788 736 1868 falconem,
752 1789 794 1854 de
809 1810 875 1875 qua
889 1789 982 1876 hyda
1005 1793 1092 1855 16116
1118 1788 1270 1854 dominus
1286 1811 1345 1854 rex
1360 1788 1463 1854 habet
1488 1790 1625 1856 terciam
1651 1796 1778 1876 partem

276 1875 318 1941 de
344 1881 472 1943 escueta
498 1899 558 1964 per
585 1883 726 1945 mortem
758 1877 902 1944 Walteri
934 1878 1148 1966 Baggerigge‚
1172 1883 1282 1944 otest
1308 1883 1470 1956 urentata,
1498 1883 1533 1942 61
1555 1878 1726 1944 Iohannes
1749 1879 1780 1944 le

276 1962 445 2052 Bnteyllir
469 1971 562 2033 tenet
588 1967 681 2032 illam
711 1971 840 2055 partem
866 1969 908 2034 ad
924 1968 1133 2034 voluntatem
1160 1967 1287 2033 domini
1310 1968 1406 2056 regis,
1422 1972 1457 2033 61
1483 1967 1544 2032 161
1569 1989 1778 2054 perannum

277 2051 410 2120 domino
435 2057 505 2144 regi
531 2078 592 2143 per
617 2077 735 2122 manus
758 2057 961 2124 vicecomitis
986 2058 1070 2123 duos
1093 2057 1223 2135 solidos,
1239 2061 1274 2122 et
1297 2078 1356 2143 per
1379 2078 1499 2122 manus
1523 2058 1698 2123 escaetoris
1722 2079 1780 2144 per

277 2165 401 2210 annum
428 2145 508 2233 iij.s.
525 2151 560 2213 et
574 2145 740 2213 Robertus
764 2144 795 2213 le
822 2146 922 2214 Child
949 2151 1042 2214 tenet
1067 2147 1202 2213 terciam
1226 2153 1356 2233 partem
1381 2146 1470 2212 dicte
1492 2146 1582 2232 hyde
1605 2148 1781 2232 terrejure

278 2232 479 2314 hereditatis,
495 2241 529 2302 et
544 2235 604 2302 dat
618 2257 679 2322 per
694 2256 819 2301 annum
844 2237 978 2303 domino
993 2236 1064 2326 regi
1079 2258 1141 2324 pro
1155 2245 1251 2323 perte
1266 2236 1384 2302 suade
1399 2235 1540 2302 servicio
1555 2236 1705 2323 predicto
1720 2258 1781 2323 per

279 2343 395 2389 manus
410 2325 614 2391 vicecomitis
630 2326 663 2412 ij.
674 2348 700 2394 6.

322 2438 366 2504 Et
396 2439 527 2507 Amicis
550 2441 644 2507 heres
666 2440 791 2508 Thome
826 2440 974 2506 Tribeud
1009 2446 1103 2507 tenet
1140 2439 1276 2506 terciam
1305 2444 1436 2526 partem
1468 2439 1556 2506 dicte
1578 2439 1669 2526 hyde
1694 2445 1781 2506 terre

280 2527 485 2606 hereditarie,
500 2535 535 2595 et
549 2530 609 2596 dat
631 2530 765 2598 domino
788 2531 859 2619 regi
885 2552 946 2618 pro
972 2535 1068 2617 purte
1091 2530 1217 2597 suade
1240 2529 1380 2596 servicio
1405 2528 1552 2615 predicto
1574 2549 1633 2614 per
1662 2552 1780 2596 manus

280 2617 479 2686 vicecomitis
493 2640 693 2705 perannum
708 2619 741 2707 ij.
752 2643 775 2687 a.

726 2920 962 2989 Hornmmu
985 2937 1032 2986 nn
1056 2919 1333 2990 WYTEWEYE.

323 3170 1184 3262 011616111666611111616116111616616661666166
1199 3181 1234 3242 et
1249 3196 1314 3261 que
1323 3175 1517 3263 goldabiles.
1553 3176 1681 3243 Dicunt
1692 3178 1781 3264 quod

283 3263 385 3330 ebbae
400 3266 441 3331 16
460 3264 625 3331 Midelton
647 3270 740 3331 tenet
759 3265 946 3330 urbanos
962 3272 997 3330 et
1012 3263 1226 3331 Woutorvuu
1243 3286 1319 3330 cum
1344 3266 1556 3352 pertinenciis
1582 3264 1624 3331 de
1646 3268 1782 3333 domino

281 3374 356 3441 rege
371 3354 390 3419 i.
407 3376 433 3421 c.
449 3355 486 3419 in
501 3375 619 3443 puram
634 3359 670 3421 61
683 3358 877 3441 perpetuum
894 3354 1115 3421 elemosinam.

323 3467 409 3534 Item
433 3468 536 3535 abbas
558 3469 598 3535 16
621 3468 886 3555 Abbeddesbury
901 3474 994 3535 tenet
1017 3468 1132 3533 villam
1161 3470 1202 3536 16
1228 3470 1374 3534 Hebron
1401 3491 1476 3536 cum
1500 3470 1715 3557 pertinenciis
1741 3472 1782 3537 16

278 3556 412 3625 domino
425 3581 502 3646 rege
517 3559 537 3624 1
553 3579 578 3625 e
594 3580 653 3645 per
667 3558 843 3626 servicium
859 3580 916 3623 un.
932 3580 974 3625 m.
989 3579 1050 3645 pro
1065 3564 1137 3624 tota
1152 3560 1289 3626 baronia
1303 3581 1372 3624 sua

324 3673 411 3740 Item
437 3672 606 3739 abbatissa
630 3672 778 3739 Setonie
801 3677 896 3739 tenet
919 3672 1036 3738 villam
1061 3674 1103 3738 de
1131 3672 1362 3739 Onusaeecun
1386 3674 1428 3738 16
1452 3675 1587 3740 domino
1611 3697 1689 3763 rege
1711 3677 1731 3744 i.
1756 3698 1782 3742 c

278 3784 337 3849 per
351 3762 527 3830 servicium
543 3762 683 3829 duorum
698 3762 844 3829 militum
860 3767 895 3829 61
909 3762 952 3827 di.
969 3763 1005 3827 in
1017 3763 1183 3829 excercitu
1199 3762 1326 3829 domini
1341 3763 1437 3849 regis

323 3878 411 3945 Item
425 3876 594 3944 comitissa
608 3876 758 3944 Devenie
774 3882 867 3943 tenet
894 3876 1010 3944 villam
1036 3877 1077 3943 de
1102 3876 1398 3944 Emercmnrou
1413 3878 1455 3943 de
1470 3880 1606 3945 domino
1620 3902 1695 3967 rege
1719 3881 1739 3945 i.
1755 3902 1782 3948 c.

279 3988 338 4053 per
351 3966 441 4054 quod
456 3967 634 4035 servicium
650 3967 816 4055 ignorant

323 4085 411 4151 Item
425 4084 596 4150 abbatissa
612 4082 763 4151 86116616
788 4087 882 4151 tenet
904 4081 1022 4149 Srouu
1037 4083 1153 4149 ane
1179 4084 1220 4150 16
1245 4086 1379 4151 domino
1394 4107 1471 4173 rege
1486 4087 1507 4152 i.
1525 4108 1551 4153 c.
1567 4092 1601 4153 et
1616 4088 1783 4154 Radulfus

279 4174 386 4279 llulre
401 4179 495 4330 161161
509 4172 633 4241 dictem
649 4173 763 4240 villam
780 4172 821 4238 (16
836 4174 926 4241 dieta
937 4172 1108 4240 abbatissa
1122 4174 1167 4239 ad
1181 4174 1272 4241 feodi
1287 4175 1426 4251 firmam,
1435 4196 1495 4262 per
1506 4178 1596 4262 quod
1607 4179 1782 4244 servicium

279 4285 419 4445 lgIIerlnl]
436 4315 591 4465 'Rogerus
621 4377 739 4444 Basset
768 4382 861 4445 tenet
898 4378 1112 4444 medietatem
1142 4376 1221 4441 ville
1252 4376 1294 4442 16
1324 4377 1546 4443 Mesorome
1583 4380 1625 4445 de
1662 4379 1783 4446 comite

280 4466 487 4555 Wurvvykye
501 4488 562 4554 per
576 4467 754 4535 servicium
770 4468 813 4534 11.
829 4466 853 4533 1.
868 4489 910 4534 m.
927 4473 962 4533 et
976 4467 1149 4554 predictus
1163 4486 1272 4531 eomes
1288 4466 1329 4531 16
1345 4467 1479 4532 domino
1493 4490 1570 4555 rege
1585 4468 1607 4535 i.
1622 4490 1648 4534 c

325 4582 413 4650 Item
437 4582 605 4648 Henricus
630 4582 672 4647 ds
700 4579 807 4648 Cerne
838 4585 931 4647 tenet
957 4580 1057 4647 uliam
1083 4580 1296 4645 medietatem
1326 4580 1474 4667 ejusdem
1505 4582 1584 4649 ville
1614 4583 1656 4649 de
1686 4584 1784 4652 16616

280 4672 426 4759 ejusdem
445 4671 577 4738 comitis
601 4692 661 4758 per
680 4671 856 4737 servicium
877 4670 1036 4736 reddendi
1060 4670 1207 4736 Iohanni
1227 4670 1268 4735 16
1293 4669 1461 4759 Clyngtou
1489 4694 1549 4739 ea.
1574 4695 1784 4760 perannum,

281 4772 317 4828 et
341 4762 511 4850 predictus
535 4760 707 4827 Johennes
733 4765 826 4826 tenet
860 4760 900 4825 16
930 4760 1080 4847 61611616
1111 4760 1233 4827 comite
1267 4781 1328 4846 per
1353 4762 1529 4829 servicium
1559 4764 1602 4828 di.
1633 4764 1657 4831 f.
1681 4788 1723 4831 m.
1750 4771 1785 4831 et

280 4852 448 4941 predictus
462 4872 570 4918 comes
584 4851 626 4917 de
641 4850 775 4916 domino
792 4871 867 4935 rege
882 4850 902 4916 i.
918 4870 944 4917 c.

325 4966 369 5033 Et
383 4966 552 5054 predictus
567 4965 670 5031 ebbas
698 4966 740 5031 16
755 4964 942 5029 Middelton
966 4964 1117 5029 inveniet
1142 4963 1376 5028 hundredariis
1397 4965 1523 5030 domini
1539 4968 1627 5053 regis
1653 4967 1781 5032 victum

281 5077 377 5121 suum
401 5076 462 5142 pro
492 5056 667 5122 serviendo
699 5076 776 5143 rege
806 5054 844 5117 in
872 5052 1048 5119 hundredo
1080 5053 1239 5139 predicte,
1267 5057 1303 5117 et
1331 5058 1468 5139 propter
1496 5054 1558 5121 hoc
1588 5054 1726 5120 habebit
1747 5057 1784 5119 in

281 5145 427 5211 manerio
442 5166 503 5211 suo
517 5145 558 5211 de
579 5144 742 5211 Midelton
758 5143 913 5209 emendas
928 5142 1026 5231 panis
1042 5148 1077 5208 et
1091 5142 1237 5209 cervisie.

326 5259 375 5327 De
391 5260 497 5333 feodis
511 5260 658 5327 militum
670 5262 706 5327 in
722 5258 894 5326 hundredo
909 5258 1067 5345 predicto.
1113 5257 1236 5334 Nicbil,
1251 5256 1317 5321 nisi
1331 5263 1495 5345 utsupra
