4117 6200
294 552 336 615 96
940 544 1127 613 DORSET.

335 766 452 833 Porcio
466 766 597 833 abbatis
614 764 655 831 dc
669 763 777 831 Eordc
793 764 828 829 in
844 763 1095 829 Tmucwoam
1110 786 1166 829 xx.
1182 784 1206 827 s.
1222 759 1352 851 [Nichil
1368 760 1480 828 added
1494 760 1569 827 aud
1584 758 1715 843 caused]

1521 850 1715 917 Subsidium
1731 848 1764 935 ij.
1774 871 1797 913 s.

338 972 456 1038 Pensio
472 970 603 1037 abbatis
618 971 659 1036 dc
676 971 779 1037 Becco
795 970 831 1034 in
847 965 961 1034 eadem
978 991 1034 1033 xx.
1046 990 1072 1033 s.
1092 968 1221 1056 [Nichil
1236 967 1350 1035 added
1364 966 1439 1033 aad
1454 965 1586 1052 erased]

1521 1054 1713 1121 Subsidium
1728 1052 1762 1137 ij.
1772 1074 1798 1117 s.

341 1180 485 1246 Ecclesia
500 1179 542 1244 de
558 1179 726 1244 Isalc‘rox
742 1176 785 1243 ab
800 1180 939 1266 antiquo
955 1178 1095 1241 laxatur
1109 1175 1152 1239 sd
1169 1174 1212 1260 vj.
1230 1196 1358 1240 marcas
1372 1173 1416 1239 di.

1381 1262 1575 1329 Subsidium
1590 1264 1667 1351 vj.s.
1684 1261 1755 1349 viij.
1767 1262 1798 1328 d.

339 1384 486 1451 Ecclesia
501 1385 543 1450 de
561 1382 730 1449 Asacssu'
747 1382 830 1468 [scil.
848 1377 1081 1465 Hissmum]
1099 1381 1141 1445 ab
1158 1382 1298 1466 antiquo
1313 1384 1450 1448 taxatur
1464 1380 1508 1445 ad
1523 1379 1566 1466 vj.
1584 1401 1710 1446 mamus
1725 1378 1767 1443 di.

1382 1470 1575 1538 Subsidium
1591 1469 1635 1556 vj.
1645 1492 1670 1535 s.
1685 1468 1754 1553 viij.
1765 1467 1799 1532 d.

341 1589 487 1655 Ecclesia
501 1590 542 1654 de
559 1586 736 1653 Maesulus
752 1587 795 1652 ab
811 1588 950 1673 antiquo
965 1589 1104 1651 taxatur
1119 1586 1162 1650 ad
1178 1607 1202 1651 c.
1213 1608 1237 1651 s.
1326 1622 1338 1635 ·
1385 1584 1579 1651 Subsidium
1595 1586 1638 1671 vj.
1648 1606 1670 1648 a
1688 1583 1756 1668 viij.
1768 1582 1799 1647 d.

342 1704 487 1769 Ecclesia
507 1704 548 1768 de
564 1703 736 1767 Puusnsu
759 1701 801 1769 ab
818 1704 957 1788 antiquo
973 1705 1112 1766 laxatur
1126 1701 1168 1765 ad
1186 1701 1229 1786 vj.
1246 1722 1372 1767 marcas
1387 1702 1430 1766 di.

1386 1791 1577 1858 Subsidium
1594 1790 1636 1876 vj.
1649 1813 1673 1854 s.
1690 1788 1757 1873 viij.
1767 1788 1799 1852 d.

342 1909 457 1974 Porcio
472 1907 603 1973 abbatis
618 1906 660 1972 de
676 1904 838 1973 Ciceslria
853 1907 886 1971 in
904 1907 1019 1971 cadem
1036 1906 1079 1993 vj.
1090 1927 1113 1971 s.
1131 1905 1200 1991 viij.
1210 1907 1239 1970 d.
1257 1906 1305 1989 [N
1308 1905 1386 1971 ichil
1403 1905 1514 1972 added
1529 1904 1602 1971 aud
1616 1903 1746 1987 caused]

1478 1994 1672 2060 Subsidium
1688 1994 1757 2079 viij.
1768 1992 1799 2056 d.

342 2113 488 2179 Ecclesia
503 2112 544 2177 de
561 2112 750 2177 Bocuounu
766 2111 809 2176 ab
825 2110 966 2197 antiquo
981 2114 1120 2175 taxatur
1135 2110 1178 2173 ad
1194 2132 1249 2174 xv.
1266 2130 1394 2174 marcas
1441 2147 1453 2157 ·
1500 2106 1692 2173 Subsidium
1708 2128 1764 2171 xx,
1777 2129 1803 2172 s.

342 2226 476 2293 Vicsria
491 2225 527 2291 in
543 2226 657 2291 eadem
673 2225 717 2291 ab
733 2225 873 2311 antiquo
889 2229 1029 2291 laxatur
1045 2225 1088 2288 ad
1106 2224 1150 2307 vj.
1167 2246 1295 2291 marcas
1310 2226 1352 2290 di.

1357 2313 1551 2379 Subsidium
1569 2313 1636 2398 viij.
1646 2334 1670 2377 e.
1687 2312 1756 2399 viij.
1768 2312 1800 2377 d.

345 2432 489 2498 Ecclesia
504 2431 546 2496 de
563 2429 800 2494 SYDELYucns
816 2429 860 2494 ab
876 2430 1016 2514 antiquo
1032 2433 1172 2494 taxatur
1186 2429 1229 2494 ad
1247 2450 1326 2492 xxx.
1343 2449 1471 2494 marcas
1516 2428 1706 2493 Subsidium
1722 2428 1766 2493 xl.
1776 2450 1801 2493 s.

344 2550 461 2616 Passio
477 2547 609 2615 abbatis
624 2547 665 2613 de
681 2546 843 2612 Midelton
861 2546 896 2611 in
912 2546 1026 2611 eadem
1042 2568 1122 2610 xxx.
1135 2568 1159 2612 s.
1177 2545 1305 2630 [Nichil
1322 2544 1434 2611 ‹ulded
1448 2547 1523 2611 aad
1535 2545 1665 2629 masal]

1507 2635 1700 2701 Subsidium
1716 2634 1762 2720 iij.
1772 2659 1796 2703 s.

345 2756 489 2822 Ecclesia
505 2754 545 2819 dc
562 2753 762 2817 MYuTsRus
778 2750 822 2815 ab
836 2749 977 2835 antiquo
993 2753 1134 2815 laxatur
1147 2749 1190 2814 ad
1206 2750 1261 2836 vij.
1278 2772 1405 2816 marcas

1374 2838 1570 2907 Subsidium
1585 2841 1629 2926 vj.
1645 2862 1669 2908 a.
1686 2840 1754 2927 viij.
1765 2840 1798 2907 d.

345 2960 491 3028 Ecclesia
508 2960 548 3025 de
564 2958 710 3025 Uscana
726 2956 767 3021 ab
783 2954 923 3041 antiquo
938 2958 1078 3020 laxatur
1092 2955 1136 3019 ad
1152 2954 1195 3040 vj.
1212 2977 1338 3022 marcas
1354 2962 1388 3022 et
1402 2956 1445 3020 di.

1381 3045 1574 3112 Subsidium
1591 3045 1634 3134 vj.
1645 3068 1669 3114 s.
1687 3047 1754 3135 viij.
1767 3048 1799 3115 d.

345 3167 490 3234 Ecclesia
507 3167 547 3232 dc
563 3165 826 3231 conum-uscos
843 3162 885 3228 ab
900 3162 1040 3248 antiquo
1055 3166 1195 3228 taxatur
1209 3159 1251 3226 ad
1268 3161 1310 3247 vj.
1329 3183 1455 3227 marcas
1470 3162 1514 3227 di.

1385 3251 1579 3317 Subsidium
1596 3250 1639 3337 vj.
1649 3273 1672 3318 s.
1690 3252 1758 3340 viij.
1768 3253 1800 3321 d.

347 3372 490 3439 Ecclesia
505 3372 546 3437 de
563 3370 661 3438 CRRN
678 3370 830 3434 ABBATIS
846 3366 887 3432 ab
903 3368 1043 3453 antiquo
1058 3372 1198 3433 taxatur
1212 3366 1255 3431 ad
1271 3389 1303 3432 x.
1320 3387 1447 3432 marcas

1369 3454 1561 3523 Subsidium
1578 3457 1649 3543 xiij.
1660 3479 1684 3523 s.
1700 3457 1759 3543 iiij.
1771 3461 1801 3523 d.

347 3576 493 3643 Ecclesia
507 3575 548 3640 de
563 3573 805 3639 Tssursflubs
821 3569 864 3636 ab
878 3572 1019 3658 antiquo
1035 3577 1175 3637 taxatur
1189 3572 1232 3637 ad
1247 3593 1302 3636 au.
1318 3592 1445 3637 marcas
1504 3571 1698 3637 Subsidium
1713 3595 1769 3638 xx.
1779 3596 1802 3638 s.

347 3692 465 3758 Pensio
480 3689 611 3756 abbatis
626 3689 667 3754 de
684 3688 785 3774 Hyde
800 3688 836 3752 in
852 3687 965 3752 eadem
980 3686 1004 3772 ij
1032 3707 1158 3751 mareas
1175 3685 1303 3770 [Nichil
1320 3685 1432 3751 added
1447 3685 1520 3751 aad
1535 3687 1665 3772 erased]

1402 3775 1594 3842 Subsidium
1609 3778 1643 3864 ij.
1652 3799 1676 3843 e.
1690 3779 1758 3865 viij.
1769 3777 1800 3844 d.

348 3898 462 3963 Porcio
478 3895 623 3982 ejusdem
640 3894 675 3958 in
690 3893 826 3958 decimis
842 3891 913 3955 xla
939 3891 985 3976 [N
988 3889 1067 3955 ichil
1084 3888 1198 3955 added
1212 3889 1286 3955 aad
1301 3889 1432 3975 erased]
1497 3889 1689 3958 Subsidium
1705 3893 1763 3980 iiij.
1776 3915 1801 3960 e.

349 4012 496 4079 Ecclesia
511 4010 553 4075 de
574 4009 792 4073 HYNseuncs
807 4006 850 4072 ab
865 4005 1004 4091 antiquo
1020 4009 1159 4071 taxatur
1173 4003 1215 4069 ad
1230 4003 1274 4070 ix.
1291 4026 1417 4072 mamas

1388 4094 1581 4162 Subsidium
1597 4097 1639 4184 vj.
1649 4120 1675 4167 s.
1691 4099 1758 4185 viij.
1770 4097 1802 4167 d.

350 4215 497 4284 Ecclesia
514 4214 555 4279 de
571 4213 763 4278 Punsmou
780 4209 821 4276 ab
837 4211 977 4296 antiquo
992 4214 1131 4276 texatur
1144 4210 1187 4275 ad
1204 4208 1297 4296 xuij.
1312 4229 1438 4277 marcas

1451 4300 1643 4368 Subsidium
1659 4303 1765 4390 xxiiij.
1778 4327 1801 4370 s.

347 4422 480 4488 Vicaria
495 4419 530 4485 in
546 4417 661 4485 eudem
676 4418 719 4483 ab
734 4415 872 4501 antiquo
888 4418 1029 4479 taxatur
1043 4414 1086 4479 ad
1103 4435 1129 4480 c.
1141 4435 1189 4480 a·
1324 4449 1339 4462 ·
1472 4451 1485 4463 ·
1531 4414 1721 4483 Subsidium
1739 4441 1770 4485 a
1780 4442 1805 4484 s.

351 4537 465 4604 Porcio
474 4534 637 4622 priorisse
653 4533 692 4597 de
711 4532 913 4618 Canyngton
930 4529 964 4592 in
982 4528 1097 4594 eadem
1110 4525 1135 4612 j.
1152 4549 1295 4594 marcam
1313 4527 1444 4612 [Nichil
1456 4529 1570 4596 added
1584 4531 1660 4598 aud
1672 4531 1805 4616 erased]

1483 4619 1677 4686 Subsidium
1693 4621 1760 4706 xvj.
1770 4621 1801 4688 d.

349 4741 463 4807 Porcio
477 4737 597 4824 prioris
612 4737 653 4802 dc
669 4733 779 4800 Holne
795 4733 831 4798 in
846 4731 960 4799 eadem
977 4730 1018 4818 vj.
1029 4754 1053 4797 s.
1069 4730 1137 4818 viij.
1148 4731 1179 4796 d.
1197 4731 1326 4816 [Nichil
1341 4731 1453 4798 added
1468 4733 1541 4799 eud
1555 4736 1684 4822 erased]

1479 4824 1670 4890 Subsidium
1687 4827 1755 4912 viij.
1769 4825 1803 4893 d.

353 4943 466 5011 Porcio
489 4941 613 5008 Thome
636 4940 666 5004 le
682 4937 847 5004 Fraunces
864 4937 898 5001 in
914 4935 1028 5000 eadem
1044 4934 1086 5020 vj.
1099 4955 1122 5000 s.
1145 4935 1213 5020 viij.
1226 4934 1259 5002 d.
1278 4936 1407 5023 [Nichil
1424 4937 1537 5003 added
1552 4937 1627 5005 aad
1641 4941 1771 5027 erased]

1485 5029 1676 5094 Subsidium
1692 5031 1760 5116 viij.
1771 5031 1806 5097 d.

353 5147 468 5213 Pomio
482 5143 613 5211 abbatis
629 5143 670 5209 de
688 5140 848 5207 Midelton
864 5140 899 5204 in
915 5139 1029 5205 eadem
1045 5140 1089 5227 xj.
1101 5163 1124 5205 e.
1141 5139 1211 5226 viij.
1223 5139 1255 5207 d.
1274 5139 1401 5225 [Nichil
1417 5141 1529 5208 added
1544 5143 1618 5208 aud
1632 5145 1763 5230 erased]

1489 5233 1683 5300 Subsidium
1699 5236 1766 5323 viij.
1776 5235 1809 5304 d.

354 5352 500 5420 Ecclesia
516 5351 557 5416 de
572 5349 826 5414 Tomscuums
842 5347 884 5411 ab
901 5346 1042 5432 antiquo
1057 5349 1197 5411 taxatur
1211 5347 1255 5412 ad
1270 5368 1326 5411 xv.
1342 5368 1470 5414 marcas
1516 5349 1708 5418 Subsidium
1725 5375 1781 5420 xx.
