<?xml version="1.0" encoding="UTF-8"?>
<!DOCTYPE html PUBLIC "-//W3C//DTD XHTML 1.0 Transitional//EN"
    "http://www.w3.org/TR/xhtml1/DTD/xhtml1-transitional.dtd">
<html xmlns="http://www.w3.org/1999/xhtml" xml:lang="en" lang="en">
 <head>
  <title>
</title>
<meta http-equiv="Content-Type" content="text/html;charset=utf-8" />
  <meta name='ocr-system' content='tesseract 3.04.00' />
  <meta name='ocr-capabilities' content='ocr_page ocr_carea ocr_par ocr_line ocrx_word'/>
</head>
<body>
  <div class='ocr_page' id='page_1' title='image "./inquisitionsand01offigoog_0221.png"; bbox 0 0 4117 6200; ppageno 0'>
   <div class='ocr_carea' id='block_1_1' title="bbox 907 564 1753 637">
    <p class='ocr_par' dir='ltr' id='par_1_1' title="bbox 907 564 1753 637">
     <span class='ocr_line' id='line_1_1' title="bbox 907 564 1753 637; baseline -0.004 -1"><span class='ocrx_word' id='word_1_1' title='bbox 907 568 991 637; x_wconf 88' lang='grc' dir='ltr'><strong>Α.Ι).</strong></span> <span class='ocrx_word' id='word_1_2' title='bbox 1015 570 1111 635; x_wconf 78' lang='lat'>1428.</span> <span class='ocrx_word' id='word_1_3' title='bbox 1690 564 1753 633; x_wconf 71' lang='lat'><strong>207</strong></span> 
     </span>
    </p>
   </div>
   <div class='ocr_carea' id='block_1_2' title="bbox 248 832 1753 2073">
    <p class='ocr_par' dir='ltr' id='par_1_2' title="bbox 252 832 1753 1039">
     <span class='ocr_line' id='line_1_2' title="bbox 295 832 1753 945; baseline -0.008 -14"><span class='ocrx_word' id='word_1_4' title='bbox 295 868 441 931; x_wconf 74' lang='lat' dir='ltr'><strong>Ecclesia</strong></span> <span class='ocrx_word' id='word_1_5' title='bbox 471 832 511 932; x_wconf 86' lang='lat' dir='ltr'><strong>de</strong></span> <span class='ocrx_word' id='word_1_6' title='bbox 540 865 695 935; x_wconf 82' lang='lat' dir='ltr'><strong>Wonnau</strong></span> <span class='ocrx_word' id='word_1_7' title='bbox 725 863 860 930; x_wconf 83' lang='lat' dir='ltr'><strong>Ensnss</strong></span> <span class='ocrx_word' id='word_1_8' title='bbox 890 865 1021 925; x_wconf 88' lang='lat' dir='ltr'><strong>taxatur</strong></span> <span class='ocrx_word' id='word_1_9' title='bbox 1052 860 1093 923; x_wconf 92' lang='lat' dir='ltr'><strong>ab</strong></span> <span class='ocrx_word' id='word_1_10' title='bbox 1123 861 1256 945; x_wconf 90' lang='lat' dir='ltr'><strong>antiquo</strong></span> <span class='ocrx_word' id='word_1_11' title='bbox 1287 882 1336 925; x_wconf 83' lang='lat' dir='ltr'><strong>xx.</strong></span> <span class='ocrx_word' id='word_1_12' title='bbox 1369 879 1501 925; x_wconf 86' lang='lat' dir='ltr'><strong>marcas.</strong></span> <span class='ocrx_word' id='word_1_13' title='bbox 1554 858 1753 934; x_wconf 80' lang='lat' dir='ltr'>Subsidium,</span> 
     </span>
     <span class='ocr_line' id='line_1_3' title="bbox 252 952 501 1039; baseline -0.008 -18"><span class='ocrx_word' id='word_1_14' title='bbox 252 954 372 1039; x_wconf 67' lang='lat' dir='ltr'><strong>xxvja.</strong></span> <span class='ocrx_word' id='word_1_15' title='bbox 388 954 445 1038; x_wconf 86' lang='lat' dir='ltr'><strong>viij</strong></span> <span class='ocrx_word' id='word_1_16' title='bbox 451 952 501 1020; x_wconf 87' lang='lat' dir='ltr'><strong>.d.</strong></span> 
     </span>
    </p>

    <p class='ocr_par' dir='ltr' id='par_1_3' title="bbox 248 1083 1750 1264">
     <span class='ocr_line' id='line_1_4' title="bbox 293 1083 1750 1172; baseline -0.005 -17"><span class='ocrx_word' id='word_1_17' title='bbox 293 1091 338 1155; x_wconf 91' lang='lat' dir='ltr'><strong>Et</strong></span> <span class='ocrx_word' id='word_1_18' title='bbox 359 1095 533 1155; x_wconf 86' lang='lat' dir='ltr'><strong>onerantur</strong></span> <span class='ocrx_word' id='word_1_19' title='bbox 558 1108 652 1171; x_wconf 89' lang='lat' dir='ltr'><strong>super</strong></span> <span class='ocrx_word' id='word_1_20' title='bbox 672 1091 865 1172; x_wconf 91' lang='lat' dir='ltr'><strong>compotum</strong></span> <span class='ocrx_word' id='word_1_21' title='bbox 892 1086 933 1149; x_wconf 89' lang='lat' dir='ltr'><strong>de</strong></span> <span class='ocrx_word' id='word_1_22' title='bbox 958 1084 1036 1167; x_wconf 87' lang='lat' dir='ltr'><strong>vj.s.</strong></span> <span class='ocrx_word' id='word_1_23' title='bbox 1059 1085 1099 1147; x_wconf 90' lang='lat' dir='ltr'><strong>de</strong></span> <span class='ocrx_word' id='word_1_24' title='bbox 1120 1084 1263 1147; x_wconf 89' lang='lat' dir='ltr'><strong>subsidio</strong></span> <span class='ocrx_word' id='word_1_25' title='bbox 1287 1083 1457 1166; x_wconf 87' lang='lat' dir='ltr'><strong>cujusdam</strong></span> <span class='ocrx_word' id='word_1_26' title='bbox 1482 1083 1649 1166; x_wconf 86' lang='lat' dir='ltr'><strong>psnciouis</strong></span> <span class='ocrx_word' id='word_1_27' title='bbox 1672 1083 1750 1149; x_wconf 73' lang='lat' dir='ltr'><strong>bau</strong></span> 
     </span>
     <span class='ocr_line' id='line_1_5' title="bbox 248 1166 1684 1264; baseline -0.006 -20"><span class='ocrx_word' id='word_1_28' title='bbox 248 1199 346 1264; x_wconf 84' lang='lat' dir='ltr'><strong>quam</strong></span> <span class='ocrx_word' id='word_1_29' title='bbox 361 1180 458 1243; x_wconf 89' lang='lat' dir='ltr'><strong>abbas</strong></span> <span class='ocrx_word' id='word_1_30' title='bbox 473 1179 514 1242; x_wconf 88' lang='lat' dir='ltr'><strong>de</strong></span> <span class='ocrx_word' id='word_1_31' title='bbox 531 1176 634 1241; x_wconf 81' lang='lat' dir='ltr'><strong>Becco</strong></span> <span class='ocrx_word' id='word_1_32' title='bbox 650 1176 788 1260; x_wconf 87' lang='lat' dir='ltr'><strong>percipit</strong></span> <span class='ocrx_word' id='word_1_33' title='bbox 803 1174 939 1251; x_wconf 86' lang='lat' dir='ltr'><strong>ibidem,</strong></span> <span class='ocrx_word' id='word_1_34' title='bbox 955 1172 1107 1235; x_wconf 90' lang='lat' dir='ltr'><strong>videlicet</strong></span> <span class='ocrx_word' id='word_1_35' title='bbox 1117 1171 1215 1255; x_wconf 87' lang='lat' dir='ltr'><strong>juxta</strong></span> <span class='ocrx_word' id='word_1_36' title='bbox 1231 1172 1368 1235; x_wconf 83' lang='lat' dir='ltr'><strong>formam</strong></span> <span class='ocrx_word' id='word_1_37' title='bbox 1385 1172 1610 1249; x_wconf 82' lang='lat' dir='ltr'><strong>concessionis,</strong></span> <span class='ocrx_word' id='word_1_38' title='bbox 1627 1166 1684 1235; x_wconf 75' lang='lat' dir='ltr'><strong>dcc.</strong></span> 
     </span>
    </p>

    <p class='ocr_par' dir='ltr' id='par_1_4' title="bbox 252 1309 1739 1489">
     <span class='ocr_line' id='line_1_6' title="bbox 294 1309 1739 1393; baseline -0.006 -13"><span class='ocrx_word' id='word_1_39' title='bbox 294 1316 437 1381; x_wconf 77' lang='lat' dir='ltr'><strong>Ecclesia</strong></span> <span class='ocrx_word' id='word_1_40' title='bbox 460 1315 501 1378; x_wconf 87' lang='lat' dir='ltr'><strong>de</strong></span> <span class='ocrx_word' id='word_1_41' title='bbox 525 1316 625 1382; x_wconf 82' lang='lat' dir='ltr'><strong>Wnsr</strong></span> <span class='ocrx_word' id='word_1_42' title='bbox 650 1314 880 1380; x_wconf 80' lang='lat' dir='ltr'><strong>Hsnrnusnnu</strong></span> <span class='ocrx_word' id='word_1_43' title='bbox 910 1313 1040 1374; x_wconf 86' lang='lat' dir='ltr'><strong>taxatur</strong></span> <span class='ocrx_word' id='word_1_44' title='bbox 1067 1309 1107 1372; x_wconf 88' lang='lat' dir='ltr'><strong>ab</strong></span> <span class='ocrx_word' id='word_1_45' title='bbox 1133 1311 1268 1393; x_wconf 83' lang='lat' dir='ltr'><strong>antiquo</strong></span> <span class='ocrx_word' id='word_1_46' title='bbox 1292 1330 1342 1375; x_wconf 84' lang='lat' dir='ltr'><strong>xx.</strong></span> <span class='ocrx_word' id='word_1_47' title='bbox 1371 1328 1503 1373; x_wconf 85' lang='lat' dir='ltr'><strong>marcas.</strong></span> <span class='ocrx_word' id='word_1_48' title='bbox 1552 1309 1739 1375; x_wconf 84' lang='lat' dir='ltr'><strong>Subsidium</strong></span> 
     </span>
     <span class='ocr_line' id='line_1_7' title="bbox 252 1400 1735 1489; baseline -0.01 -20"><span class='ocrx_word' id='word_1_49' title='bbox 252 1403 372 1489; x_wconf 59' lang='lat' dir='ltr'><strong>xxvia.</strong></span> <span class='ocrx_word' id='word_1_50' title='bbox 389 1400 499 1487; x_wconf 63' lang='lat' dir='ltr'><strong>viiju.</strong></span> <span class='ocrx_word' id='word_1_51' title='bbox 1733 1434 1735 1439; x_wconf 83' lang='lat'><em>.</em></span> 
     </span>
    </p>

    <p class='ocr_par' dir='ltr' id='par_1_5' title="bbox 252 1533 1750 1711">
     <span class='ocr_line' id='line_1_8' title="bbox 295 1533 1750 1617; baseline -0.003 -15"><span class='ocrx_word' id='word_1_52' title='bbox 295 1538 440 1603; x_wconf 79' lang='lat' dir='ltr'><strong>Ecclesia</strong></span> <span class='ocrx_word' id='word_1_53' title='bbox 462 1540 503 1603; x_wconf 89' lang='lat' dir='ltr'><strong>de</strong></span> <span class='ocrx_word' id='word_1_54' title='bbox 525 1538 595 1605; x_wconf 82' lang='lat' dir='ltr'><strong>Esr</strong></span> <span class='ocrx_word' id='word_1_55' title='bbox 621 1536 852 1603; x_wconf 79' lang='lat' dir='ltr'><strong>Hanrnnnnnn</strong></span> <span class='ocrx_word' id='word_1_56' title='bbox 877 1538 1009 1599; x_wconf 85' lang='lat' dir='ltr'><strong>taxatur</strong></span> <span class='ocrx_word' id='word_1_57' title='bbox 1032 1534 1073 1597; x_wconf 87' lang='lat' dir='ltr'><strong>ab</strong></span> <span class='ocrx_word' id='word_1_58' title='bbox 1098 1534 1234 1616; x_wconf 88' lang='lat' dir='ltr'><strong>antiquo</strong></span> <span class='ocrx_word' id='word_1_59' title='bbox 1259 1533 1329 1617; x_wconf 81' lang='lat' dir='ltr'><strong>xiij.</strong></span> <span class='ocrx_word' id='word_1_60' title='bbox 1358 1552 1489 1601; x_wconf 84' lang='lat' dir='ltr'><strong>marcas.</strong></span> <span class='ocrx_word' id='word_1_61' title='bbox 1550 1533 1750 1615; x_wconf 86' lang='lat' dir='ltr'><strong>Subsidium,</strong></span> 
     </span>
     <span class='ocr_line' id='line_1_9' title="bbox 252 1626 491 1711; baseline -0.013 -17"><span class='ocrx_word' id='word_1_62' title='bbox 252 1627 364 1711; x_wconf 67' lang='lat' dir='ltr'><strong>xvija.</strong></span> <span class='ocrx_word' id='word_1_63' title='bbox 381 1626 442 1711; x_wconf 88' lang='lat' dir='ltr'><strong>iiij.</strong></span> <span class='ocrx_word' id='word_1_64' title='bbox 460 1627 491 1691; x_wconf 88' lang='lat' dir='ltr'><strong>d.</strong></span> 
     </span>
    </p>

    <p class='ocr_par' dir='ltr' id='par_1_6' title="bbox 251 1760 1752 1936">
     <span class='ocr_line' id='line_1_10' title="bbox 273 1760 1752 1867; baseline -0.003 -39"><span class='ocrx_word' id='word_1_65' title='bbox 273 1762 435 1867; x_wconf 56' lang='lat' dir='ltr'><strong>‚Emlfiffifl</strong></span> <span class='ocrx_word' id='word_1_66' title='bbox 458 1763 500 1828; x_wconf 90' lang='lat' dir='ltr'><strong>de</strong></span> <span class='ocrx_word' id='word_1_67' title='bbox 528 1762 641 1831; x_wconf 70' lang='lat' dir='ltr'><strong>Soura</strong></span> <span class='ocrx_word' id='word_1_68' title='bbox 663 1762 893 1830; x_wconf 75' lang='lat' dir='ltr'><strong>Haurrtcrunn</strong></span> <span class='ocrx_word' id='word_1_69' title='bbox 920 1764 1050 1825; x_wconf 86' lang='lat' dir='ltr'><strong>taxatur</strong></span> <span class='ocrx_word' id='word_1_70' title='bbox 1073 1760 1112 1823; x_wconf 88' lang='lat' dir='ltr'><strong>ab</strong></span> <span class='ocrx_word' id='word_1_71' title='bbox 1128 1760 1264 1841; x_wconf 88' lang='lat' dir='ltr'><strong>antiquo</strong></span> <span class='ocrx_word' id='word_1_72' title='bbox 1279 1760 1347 1840; x_wconf 82' lang='lat' dir='ltr'><strong>viij.</strong></span> <span class='ocrx_word' id='word_1_73' title='bbox 1365 1778 1500 1825; x_wconf 88' lang='lat' dir='ltr'><strong>marcas.</strong></span> <span class='ocrx_word' id='word_1_74' title='bbox 1550 1760 1752 1840; x_wconf 83' lang='lat' dir='ltr'><strong>Subsidium,</strong></span> 
     </span>
     <span class='ocr_line' id='line_1_11' title="bbox 251 1871 448 1936; baseline 0.005 -20"><span class='ocrx_word' id='word_1_75' title='bbox 251 1871 329 1935; x_wconf 65' lang='lat' dir='ltr'><strong>sps.</strong></span> <span class='ocrx_word' id='word_1_76' title='bbox 345 1872 448 1936; x_wconf 66' lang='lat' dir='ltr'><strong>rupe.</strong></span> 
     </span>
    </p>

    <p class='ocr_par' dir='ltr' id='par_1_7' title="bbox 292 1984 1752 2073">
     <span class='ocr_line' id='line_1_12' title="bbox 292 1984 1752 2073; baseline -0.001 -20"><span class='ocrx_word' id='word_1_77' title='bbox 292 1990 337 2054; x_wconf 87' lang='lat' dir='ltr'><strong>Et</strong></span> <span class='ocrx_word' id='word_1_78' title='bbox 351 1993 525 2054; x_wconf 88' lang='lat' dir='ltr'><strong>onerantur</strong></span> <span class='ocrx_word' id='word_1_79' title='bbox 539 2010 634 2073; x_wconf 87' lang='lat' dir='ltr'><strong>super</strong></span> <span class='ocrx_word' id='word_1_80' title='bbox 649 1993 837 2072; x_wconf 89' lang='lat' dir='ltr'><strong>compotum</strong></span> <span class='ocrx_word' id='word_1_81' title='bbox 860 1988 902 2051; x_wconf 88' lang='lat' dir='ltr'><strong>de</strong></span> <span class='ocrx_word' id='word_1_82' title='bbox 926 1987 1004 2071; x_wconf 87' lang='lat' dir='ltr'><strong>vj.s.</strong></span> <span class='ocrx_word' id='word_1_83' title='bbox 1021 1984 1133 2069; x_wconf 60' lang='lat' dir='ltr'><strong>vilja.</strong></span> <span class='ocrx_word' id='word_1_84' title='bbox 1160 1986 1200 2049; x_wconf 88' lang='lat' dir='ltr'><strong>de</strong></span> <span class='ocrx_word' id='word_1_85' title='bbox 1225 1986 1368 2049; x_wconf 88' lang='lat' dir='ltr'><strong>subsidio</strong></span> <span class='ocrx_word' id='word_1_86' title='bbox 1393 1985 1560 2068; x_wconf 88' lang='lat' dir='ltr'><strong>cujusdam</strong></span> <span class='ocrx_word' id='word_1_87' title='bbox 1584 1989 1752 2070; x_wconf 84' lang='lat' dir='ltr'><strong>pancionis</strong></span> 
     </span>
    </p>
   </div>
   <div class='ocr_carea' id='block_1_3' title="bbox 249 2072 1750 2249">
    <p class='ocr_par' dir='ltr' id='par_1_8' title="bbox 249 2072 1750 2249">
     <span class='ocr_line' id='line_1_13' title="bbox 250 2072 1750 2161; baseline -0.001 -20"><span class='ocrx_word' id='word_1_88' title='bbox 250 2077 367 2161; x_wconf 63' lang='lat' dir='ltr'><strong>asnje.</strong></span> <span class='ocrx_word' id='word_1_89' title='bbox 392 2078 461 2161; x_wconf 89' lang='lat' dir='ltr'><strong>viij.</strong></span> <span class='ocrx_word' id='word_1_90' title='bbox 479 2075 511 2142; x_wconf 83' lang='lat' dir='ltr'><strong>d.</strong></span> <span class='ocrx_word' id='word_1_91' title='bbox 528 2098 626 2161; x_wconf 88' lang='lat' dir='ltr'><strong>qnam</strong></span> <span class='ocrx_word' id='word_1_92' title='bbox 650 2078 736 2159; x_wconf 90' lang='lat' dir='ltr'><strong>prior</strong></span> <span class='ocrx_word' id='word_1_93' title='bbox 761 2076 801 2138; x_wconf 94' lang='lat' dir='ltr'><strong>de</strong></span> <span class='ocrx_word' id='word_1_94' title='bbox 827 2074 931 2138; x_wconf 86' lang='lat' dir='ltr'><strong>Ledes</strong></span> <span class='ocrx_word' id='word_1_95' title='bbox 953 2075 1093 2158; x_wconf 88' lang='lat' dir='ltr'><strong>percipit</strong></span> <span class='ocrx_word' id='word_1_96' title='bbox 1117 2075 1151 2136; x_wconf 92' lang='lat' dir='ltr'><strong>in</strong></span> <span class='ocrx_word' id='word_1_97' title='bbox 1178 2074 1306 2149; x_wconf 87' lang='lat' dir='ltr'><strong>eadem,</strong></span> <span class='ocrx_word' id='word_1_98' title='bbox 1330 2094 1367 2136; x_wconf 88' lang='lat' dir='ltr'><strong>eo</strong></span> <span class='ocrx_word' id='word_1_99' title='bbox 1392 2072 1477 2156; x_wconf 95' lang='lat' dir='ltr'><strong>quod</strong></span> <span class='ocrx_word' id='word_1_100' title='bbox 1502 2078 1576 2137; x_wconf 84' lang='lat' dir='ltr'><strong>taxa</strong></span> <span class='ocrx_word' id='word_1_101' title='bbox 1605 2074 1750 2159; x_wconf 88' lang='lat' dir='ltr'><strong>ejusdem</strong></span> 
     </span>
     <span class='ocr_line' id='line_1_14' title="bbox 249 2158 1698 2249; baseline -0.001 -21"><span class='ocrx_word' id='word_1_102' title='bbox 249 2165 390 2243; x_wconf 85' lang='lat' dir='ltr'><strong>ecclesie,</strong></span> <span class='ocrx_word' id='word_1_103' title='bbox 403 2186 477 2228; x_wconf 91' lang='lat' dir='ltr'><strong>cum</strong></span> <span class='ocrx_word' id='word_1_104' title='bbox 492 2166 647 2249; x_wconf 81' lang='lat' dir='ltr'><strong>poncione</strong></span> <span class='ocrx_word' id='word_1_105' title='bbox 662 2163 807 2247; x_wconf 88' lang='lat' dir='ltr'><strong>predicta</strong></span> <span class='ocrx_word' id='word_1_106' title='bbox 829 2159 925 2247; x_wconf 86' lang='lat' dir='ltr'><strong>[non]</strong></span> <span class='ocrx_word' id='word_1_107' title='bbox 947 2162 1120 2244; x_wconf 79' lang='lat' dir='ltr'><strong>attingunt</strong></span> <span class='ocrx_word' id='word_1_108' title='bbox 1139 2158 1210 2239; x_wconf 77' lang='lat' dir='ltr'><strong>(sic)</strong></span> <span class='ocrx_word' id='word_1_109' title='bbox 1229 2160 1269 2223; x_wconf 85' lang='lat' dir='ltr'><strong>ad</strong></span> <span class='ocrx_word' id='word_1_110' title='bbox 1286 2181 1445 2224; x_wconf 86' lang='lat' dir='ltr'><strong>summam</strong></span> <span class='ocrx_word' id='word_1_111' title='bbox 1462 2182 1491 2225; x_wconf 84' lang='lat' dir='ltr'><strong>x.</strong></span> <span class='ocrx_word' id='word_1_112' title='bbox 1510 2182 1698 2227; x_wconf 86' lang='lat' dir='ltr'><strong>marcarum.</strong></span> 
     </span>
    </p>
   </div>
   <div class='ocr_carea' id='block_1_4' title="bbox 250 2298 1806 3113">
    <p class='ocr_par' dir='ltr' id='par_1_9' title="bbox 291 2298 1750 2385">
     <span class='ocr_line' id='line_1_15' title="bbox 291 2298 1750 2385; baseline -0.001 -20"><span class='ocrx_word' id='word_1_113' title='bbox 291 2300 436 2365; x_wconf 84' lang='lat' dir='ltr'><strong>Ecclesia</strong></span> <span class='ocrx_word' id='word_1_114' title='bbox 450 2302 491 2365; x_wconf 86' lang='lat' dir='ltr'><strong>de</strong></span> <span class='ocrx_word' id='word_1_115' title='bbox 507 2302 709 2367; x_wconf 77' lang='lat' dir='ltr'><strong>Rasunouon</strong></span> <span class='ocrx_word' id='word_1_116' title='bbox 722 2302 851 2363; x_wconf 82' lang='lat' dir='ltr'><strong>taxatur</strong></span> <span class='ocrx_word' id='word_1_117' title='bbox 859 2299 900 2362; x_wconf 91' lang='lat' dir='ltr'><strong>ab</strong></span> <span class='ocrx_word' id='word_1_118' title='bbox 913 2299 1047 2381; x_wconf 88' lang='lat' dir='ltr'><strong>antiquo</strong></span> <span class='ocrx_word' id='word_1_119' title='bbox 1063 2298 1125 2381; x_wconf 82' lang='lat' dir='ltr'><strong>xvj.</strong></span> <span class='ocrx_word' id='word_1_120' title='bbox 1136 2318 1268 2361; x_wconf 87' lang='lat' dir='ltr'><strong>marcas.</strong></span> <span class='ocrx_word' id='word_1_121' title='bbox 1311 2298 1510 2377; x_wconf 81' lang='lat' dir='ltr'><strong>Subsidium,</strong></span> <span class='ocrx_word' id='word_1_122' title='bbox 1528 2298 1591 2384; x_wconf 84' lang='lat' dir='ltr'>xxj.</span> <span class='ocrx_word' id='word_1_123' title='bbox 1602 2319 1628 2364; x_wconf 84' lang='lat' dir='ltr'><strong>s.</strong></span> <span class='ocrx_word' id='word_1_124' title='bbox 1641 2300 1703 2385; x_wconf 91' lang='lat' dir='ltr'><strong>iiij.</strong></span> <span class='ocrx_word' id='word_1_125' title='bbox 1715 2299 1750 2365; x_wconf 86' lang='lat' dir='ltr'><strong>d.</strong></span> 
     </span>
    </p>

    <p class='ocr_par' dir='ltr' id='par_1_10' title="bbox 290 2436 1806 2522">
     <span class='ocr_line' id='line_1_16' title="bbox 290 2436 1806 2522; baseline -0.002 -21"><span class='ocrx_word' id='word_1_126' title='bbox 290 2438 436 2504; x_wconf 85' lang='lat' dir='ltr'><strong>Ecclesia</strong></span> <span class='ocrx_word' id='word_1_127' title='bbox 450 2440 489 2503; x_wconf 92' lang='lat' dir='ltr'><strong>de</strong></span> <span class='ocrx_word' id='word_1_128' title='bbox 505 2440 693 2505; x_wconf 79' lang='lat' dir='ltr'><strong>Ronnwnnn</strong></span> <span class='ocrx_word' id='word_1_129' title='bbox 708 2442 837 2502; x_wconf 89' lang='lat' dir='ltr'><strong>taxatur</strong></span> <span class='ocrx_word' id='word_1_130' title='bbox 852 2438 1042 2520; x_wconf 88' lang='lat' dir='ltr'><strong>abantiquo</strong></span> <span class='ocrx_word' id='word_1_131' title='bbox 1058 2436 1126 2520; x_wconf 89' lang='lat' dir='ltr'><strong>viij.</strong></span> <span class='ocrx_word' id='word_1_132' title='bbox 1144 2456 1277 2501; x_wconf 84' lang='lat' dir='ltr'><strong>marcas.</strong></span> <span class='ocrx_word' id='word_1_133' title='bbox 1329 2436 1528 2517; x_wconf 88' lang='lat' dir='ltr'><strong>Subsidium,</strong></span> <span class='ocrx_word' id='word_1_134' title='bbox 1540 2436 1584 2521; x_wconf 91' lang='lat' dir='ltr'><strong>vj.</strong></span> <span class='ocrx_word' id='word_1_135' title='bbox 1598 2458 1624 2502; x_wconf 86' lang='lat' dir='ltr'><strong>s.</strong></span> <span class='ocrx_word' id='word_1_136' title='bbox 1638 2438 1706 2522; x_wconf 88' lang='lat' dir='ltr'><strong>viij.</strong></span> <span class='ocrx_word' id='word_1_137' title='bbox 1718 2438 1750 2503; x_wconf 94' lang='lat' dir='ltr'><strong>d.</strong></span> <span class='ocrx_word' id='word_1_138' title='bbox 1805 2461 1806 2464; x_wconf 41' lang='lat'>¹</span> 
     </span>
    </p>

    <p class='ocr_par' dir='ltr' id='par_1_11' title="bbox 250 2573 1748 2748">
     <span class='ocr_line' id='line_1_17' title="bbox 273 2573 1748 2727; baseline -0.001 -86"><span class='ocrx_word' id='word_1_139' title='bbox 273 2575 437 2727; x_wconf 48' lang='lat' dir='ltr'><strong>&#39;pegma</strong></span> <span class='ocrx_word' id='word_1_140' title='bbox 452 2576 492 2641; x_wconf 90' lang='lat' dir='ltr'><strong>de</strong></span> <span class='ocrx_word' id='word_1_141' title='bbox 507 2576 824 2641; x_wconf 81' lang='lat' dir='ltr'><strong>Hannwannassorrn</strong></span> <span class='ocrx_word' id='word_1_142' title='bbox 847 2576 976 2639; x_wconf 71' lang='lat' dir='ltr'><strong>mastur</strong></span> <span class='ocrx_word' id='word_1_143' title='bbox 990 2573 1031 2637; x_wconf 87' lang='lat' dir='ltr'><strong>ab</strong></span> <span class='ocrx_word' id='word_1_144' title='bbox 1046 2574 1182 2658; x_wconf 87' lang='lat' dir='ltr'><strong>antiquo</strong></span> <span class='ocrx_word' id='word_1_145' title='bbox 1197 2574 1240 2639; x_wconf 83' lang='lat' dir='ltr'><strong>ix.</strong></span> <span class='ocrx_word' id='word_1_146' title='bbox 1257 2593 1392 2638; x_wconf 86' lang='lat' dir='ltr'><strong>marcas.</strong></span> <span class='ocrx_word' id='word_1_147' title='bbox 1442 2573 1642 2652; x_wconf 88' lang='lat' dir='ltr'><strong>Subsidium,</strong></span> <span class='ocrx_word' id='word_1_148' title='bbox 1670 2574 1748 2660; x_wconf 86' lang='lat' dir='ltr'><strong>vj.s.</strong></span> 
     </span>
     <span class='ocr_line' id='line_1_18' title="bbox 250 2685 371 2748; baseline 0.025 -22"><span class='ocrx_word' id='word_1_149' title='bbox 250 2685 319 2748; x_wconf 66' lang='lat' dir='ltr'><strong>vn).</strong></span> <span class='ocrx_word' id='word_1_150' title='bbox 363 2715 371 2729; x_wconf 92' lang='lat'>.</span> 
     </span>
    </p>

    <p class='ocr_par' dir='ltr' id='par_1_12' title="bbox 251 2796 1748 2975">
     <span class='ocr_line' id='line_1_19' title="bbox 290 2796 1748 2906; baseline 0 -42"><span class='ocrx_word' id='word_1_151' title='bbox 290 2801 433 2906; x_wconf 75' lang='lat' dir='ltr'><strong>Ecclesia</strong></span> <span class='ocrx_word' id='word_1_152' title='bbox 448 2802 487 2865; x_wconf 89' lang='lat' dir='ltr'><strong>de</strong></span> <span class='ocrx_word' id='word_1_153' title='bbox 504 2802 624 2868; x_wconf 80' lang='lat' dir='ltr'><strong>Ganos</strong></span> <span class='ocrx_word' id='word_1_154' title='bbox 640 2801 849 2866; x_wconf 77' lang='lat' dir='ltr'><strong>Mournnarn</strong></span> <span class='ocrx_word' id='word_1_155' title='bbox 864 2804 993 2863; x_wconf 86' lang='lat' dir='ltr'><strong>taxatur</strong></span> <span class='ocrx_word' id='word_1_156' title='bbox 1009 2796 1079 2885; x_wconf 85' lang='lat' dir='ltr'><strong>[ab]</strong></span> <span class='ocrx_word' id='word_1_157' title='bbox 1099 2801 1233 2884; x_wconf 89' lang='lat' dir='ltr'><strong>antiquo</strong></span> <span class='ocrx_word' id='word_1_158' title='bbox 1249 2798 1350 2884; x_wconf 83' lang='lat' dir='ltr'><strong>xxiiij.</strong></span> <span class='ocrx_word' id='word_1_159' title='bbox 1365 2819 1498 2863; x_wconf 87' lang='lat' dir='ltr'><strong>marcas.</strong></span> <span class='ocrx_word' id='word_1_160' title='bbox 1549 2800 1748 2881; x_wconf 88' lang='lat' dir='ltr'><strong>Subsidium,</strong></span> 
     </span>
     <span class='ocr_line' id='line_1_20' title="bbox 251 2909 381 2975; baseline 0 -21"><span class='ocrx_word' id='word_1_161' title='bbox 251 2909 381 2975; x_wconf 64' lang='lat' dir='ltr'><strong>arripe.</strong></span> 
     </span>
    </p>

    <p class='ocr_par' dir='ltr' id='par_1_13' title="bbox 291 3025 1617 3113">
     <span class='ocr_line' id='line_1_21' title="bbox 291 3025 1617 3113; baseline 0.002 -27"><span class='ocrx_word' id='word_1_162' title='bbox 291 3028 419 3091; x_wconf 82' lang='lat' dir='ltr'><strong>Vicaria</strong></span> <span class='ocrx_word' id='word_1_163' title='bbox 433 3026 578 3113; x_wconf 87' lang='lat' dir='ltr'><strong>ejusdem</strong></span> <span class='ocrx_word' id='word_1_164' title='bbox 593 3031 721 3090; x_wconf 86' lang='lat' dir='ltr'><strong>taxatur</strong></span> <span class='ocrx_word' id='word_1_165' title='bbox 736 3026 776 3090; x_wconf 89' lang='lat' dir='ltr'><strong>ab</strong></span> <span class='ocrx_word' id='word_1_166' title='bbox 795 3027 931 3109; x_wconf 90' lang='lat' dir='ltr'><strong>antiquo</strong></span> <span class='ocrx_word' id='word_1_167' title='bbox 946 3048 975 3089; x_wconf 90' lang='lat' dir='ltr'><strong>x.</strong></span> <span class='ocrx_word' id='word_1_168' title='bbox 993 3045 1126 3089; x_wconf 75' lang='lat' dir='ltr'><strong>marcac.</strong></span> <span class='ocrx_word' id='word_1_169' title='bbox 1177 3025 1375 3102; x_wconf 87' lang='lat' dir='ltr'><strong>Subsidium,</strong></span> <span class='ocrx_word' id='word_1_170' title='bbox 1392 3025 1496 3109; x_wconf 60' lang='lat' dir='ltr'><strong>xiijo.</strong></span> <span class='ocrx_word' id='word_1_171' title='bbox 1513 3026 1617 3110; x_wconf 65' lang='lat' dir='ltr'><strong>iiiju.</strong></span> 
     </span>
    </p>
   </div>
   <div class='ocr_carea' id='block_1_5' title="bbox 248 3163 1749 3337">
    <p class='ocr_par' dir='ltr' id='par_1_14' title="bbox 248 3163 1749 3337">
     <span class='ocr_line' id='line_1_22' title="bbox 292 3163 1749 3248; baseline 0 -20"><span class='ocrx_word' id='word_1_172' title='bbox 292 3166 337 3230; x_wconf 88' lang='lat' dir='ltr'><strong>Et</strong></span> <span class='ocrx_word' id='word_1_173' title='bbox 364 3170 538 3229; x_wconf 88' lang='lat' dir='ltr'><strong>onerantur</strong></span> <span class='ocrx_word' id='word_1_174' title='bbox 564 3186 659 3248; x_wconf 92' lang='lat' dir='ltr'><strong>super</strong></span> <span class='ocrx_word' id='word_1_175' title='bbox 681 3168 872 3248; x_wconf 82' lang='lat' dir='ltr'><strong>compotum</strong></span> <span class='ocrx_word' id='word_1_176' title='bbox 899 3165 940 3228; x_wconf 84' lang='lat' dir='ltr'><strong>de</strong></span> <span class='ocrx_word' id='word_1_177' title='bbox 972 3164 1052 3246; x_wconf 87' lang='lat' dir='ltr'><strong>vj.s.</strong></span> <span class='ocrx_word' id='word_1_178' title='bbox 1080 3164 1120 3228; x_wconf 89' lang='lat' dir='ltr'><strong>de</strong></span> <span class='ocrx_word' id='word_1_179' title='bbox 1145 3163 1287 3227; x_wconf 83' lang='lat' dir='ltr'><strong>subsidio</strong></span> <span class='ocrx_word' id='word_1_180' title='bbox 1303 3164 1470 3247; x_wconf 85' lang='lat' dir='ltr'><strong>cujusdam</strong></span> <span class='ocrx_word' id='word_1_181' title='bbox 1484 3166 1651 3246; x_wconf 89' lang='lat' dir='ltr'><strong>penoionis</strong></span> <span class='ocrx_word' id='word_1_182' title='bbox 1666 3165 1749 3229; x_wconf 83' lang='lat' dir='ltr'><strong>lx.s.</strong></span> 
     </span>
     <span class='ocr_line' id='line_1_23' title="bbox 248 3250 1727 3337; baseline 0 -23"><span class='ocrx_word' id='word_1_183' title='bbox 248 3273 344 3336; x_wconf 92' lang='lat' dir='ltr'><strong>quam</strong></span> <span class='ocrx_word' id='word_1_184' title='bbox 361 3254 448 3337; x_wconf 92' lang='lat' dir='ltr'><strong>prior</strong></span> <span class='ocrx_word' id='word_1_185' title='bbox 462 3253 502 3316; x_wconf 89' lang='lat' dir='ltr'><strong>de</strong></span> <span class='ocrx_word' id='word_1_186' title='bbox 516 3252 637 3315; x_wconf 89' lang='lat' dir='ltr'><strong>Thobie</strong></span> <span class='ocrx_word' id='word_1_187' title='bbox 652 3254 792 3335; x_wconf 85' lang='lat' dir='ltr'><strong>percipit</strong></span> <span class='ocrx_word' id='word_1_188' title='bbox 807 3253 841 3314; x_wconf 94' lang='lat' dir='ltr'><strong>in</strong></span> <span class='ocrx_word' id='word_1_189' title='bbox 858 3251 982 3328; x_wconf 88' lang='lat' dir='ltr'><strong>eadem,</strong></span> <span class='ocrx_word' id='word_1_190' title='bbox 999 3251 1151 3315; x_wconf 88' lang='lat' dir='ltr'><strong>videlicet</strong></span> <span class='ocrx_word' id='word_1_191' title='bbox 1163 3251 1259 3334; x_wconf 81' lang='lat' dir='ltr'><strong>justa</strong></span> <span class='ocrx_word' id='word_1_192' title='bbox 1275 3251 1411 3313; x_wconf 81' lang='lat' dir='ltr'><strong>formam</strong></span> <span class='ocrx_word' id='word_1_193' title='bbox 1429 3252 1655 3330; x_wconf 89' lang='lat' dir='ltr'><strong>concessionis,</strong></span> <span class='ocrx_word' id='word_1_194' title='bbox 1670 3250 1727 3316; x_wconf 80' lang='lat' dir='ltr'><strong>dre.</strong></span> 
     </span>
    </p>
   </div>
   <div class='ocr_carea' id='block_1_6' title="bbox 250 3390 1751 3562">
    <p class='ocr_par' dir='ltr' id='par_1_15' title="bbox 250 3390 1751 3562">
     <span class='ocr_line' id='line_1_24' title="bbox 292 3390 1751 3540; baseline 0 -87"><span class='ocrx_word' id='word_1_195' title='bbox 292 3390 441 3493; x_wconf 44' lang='lat' dir='ltr'><strong>Ecclesia·</strong></span> <span class='ocrx_word' id='word_1_196' title='bbox 458 3391 497 3540; x_wconf 54' lang='lat' dir='ltr'><strong>dle</strong></span> <span class='ocrx_word' id='word_1_197' title='bbox 524 3391 642 3457; x_wconf 81' lang='lat' dir='ltr'><strong>Grues</strong></span> <span class='ocrx_word' id='word_1_198' title='bbox 666 3411 707 3454; x_wconf 75' lang='lat' dir='ltr'><strong>nn</strong></span> <span class='ocrx_word' id='word_1_199' title='bbox 735 3391 870 3454; x_wconf 76' lang='lat' dir='ltr'><strong>Parnasi</strong></span> <span class='ocrx_word' id='word_1_200' title='bbox 896 3395 1025 3453; x_wconf 85' lang='lat' dir='ltr'><strong>taxatur</strong></span> <span class='ocrx_word' id='word_1_201' title='bbox 1052 3390 1252 3473; x_wconf 85' lang='lat' dir='ltr'><strong>abantiquo</strong></span> <span class='ocrx_word' id='word_1_202' title='bbox 1283 3411 1332 3453; x_wconf 79' lang='lat' dir='ltr'><strong>xx.</strong></span> <span class='ocrx_word' id='word_1_203' title='bbox 1358 3409 1492 3453; x_wconf 87' lang='lat' dir='ltr'><strong>marcas.</strong></span> <span class='ocrx_word' id='word_1_204' title='bbox 1551 3390 1751 3470; x_wconf 89' lang='lat' dir='ltr'><strong>Subsidium,</strong></span> 
     </span>
     <span class='ocr_line' id='line_1_25' title="bbox 250 3498 496 3562; baseline 0 -20"><span class='ocrx_word' id='word_1_205' title='bbox 250 3498 367 3560; x_wconf 66' lang='lat' dir='ltr'><strong>xxvps.</strong></span> <span class='ocrx_word' id='word_1_206' title='bbox 386 3499 455 3562; x_wconf 82' lang='lat' dir='ltr'><strong>an.</strong></span> <span class='ocrx_word' id='word_1_207' title='bbox 489 3528 496 3542; x_wconf 95' lang='lat'>.</span> 
     </span>
    </p>
   </div>
   <div class='ocr_carea' id='block_1_7' title="bbox 247 3613 1752 3868">
    <p class='ocr_par' dir='ltr' id='par_1_16' title="bbox 247 3613 1752 3868">
     <span class='ocr_line' id='line_1_26' title="bbox 292 3613 1750 3700; baseline 0.004 -23"><span class='ocrx_word' id='word_1_208' title='bbox 292 3615 337 3678; x_wconf 89' lang='lat' dir='ltr'><strong>Et</strong></span> <span class='ocrx_word' id='word_1_209' title='bbox 359 3621 532 3683; x_wconf 87' lang='lat' dir='ltr'><strong>onerantur</strong></span> <span class='ocrx_word' id='word_1_210' title='bbox 558 3635 656 3699; x_wconf 90' lang='lat' dir='ltr'><strong>super</strong></span> <span class='ocrx_word' id='word_1_211' title='bbox 679 3621 866 3698; x_wconf 90' lang='lat' dir='ltr'><strong>compotum</strong></span> <span class='ocrx_word' id='word_1_212' title='bbox 891 3615 933 3678; x_wconf 91' lang='lat' dir='ltr'><strong>de</strong></span> <span class='ocrx_word' id='word_1_213' title='bbox 960 3614 1031 3700; x_wconf 88' lang='lat' dir='ltr'><strong>ij.s.</strong></span> <span class='ocrx_word' id='word_1_214' title='bbox 1057 3614 1096 3678; x_wconf 92' lang='lat' dir='ltr'><strong>de</strong></span> <span class='ocrx_word' id='word_1_215' title='bbox 1124 3614 1266 3677; x_wconf 90' lang='lat' dir='ltr'><strong>subsidio</strong></span> <span class='ocrx_word' id='word_1_216' title='bbox 1289 3613 1455 3698; x_wconf 85' lang='lat' dir='ltr'><strong>cujusdam</strong></span> <span class='ocrx_word' id='word_1_217' title='bbox 1479 3617 1642 3698; x_wconf 81' lang='lat' dir='ltr'><strong>poncionis</strong></span> <span class='ocrx_word' id='word_1_218' title='bbox 1665 3637 1750 3684; x_wconf 59' lang='lat' dir='ltr'><strong>xxc.</strong></span> 
     </span>
     <span class='ocr_line' id='line_1_27' title="bbox 247 3700 1752 3868; baseline -0.003 -95"><span class='ocrx_word' id='word_1_219' title='bbox 247 3700 537 3868; x_wconf 43' lang='lat' dir='ltr'><strong>pamnpbbppissa</strong></span> <span class='ocrx_word' id='word_1_220' title='bbox 566 3704 607 3767; x_wconf 89' lang='lat' dir='ltr'><strong>de</strong></span> <span class='ocrx_word' id='word_1_221' title='bbox 637 3701 791 3786; x_wconf 85' lang='lat' dir='ltr'><strong>Berkyng</strong></span> <span class='ocrx_word' id='word_1_222' title='bbox 822 3702 964 3786; x_wconf 78' lang='lat' dir='ltr'><strong>percipit</strong></span> <span class='ocrx_word' id='word_1_223' title='bbox 992 3704 1028 3764; x_wconf 92' lang='lat' dir='ltr'><strong>in</strong></span> <span class='ocrx_word' id='word_1_224' title='bbox 1060 3703 1182 3782; x_wconf 88' lang='lat' dir='ltr'><strong>eadem,</strong></span> <span class='ocrx_word' id='word_1_225' title='bbox 1209 3701 1362 3765; x_wconf 89' lang='lat' dir='ltr'><strong>videlicet</strong></span> <span class='ocrx_word' id='word_1_226' title='bbox 1388 3701 1483 3786; x_wconf 86' lang='lat' dir='ltr'><strong>juxta</strong></span> <span class='ocrx_word' id='word_1_227' title='bbox 1512 3702 1647 3768; x_wconf 84' lang='lat' dir='ltr'><strong>formam</strong></span> <span class='ocrx_word' id='word_1_228' title='bbox 1677 3725 1752 3768; x_wconf 91' lang='lat' dir='ltr'><strong>con·</strong></span> 
     </span>
    </p>
   </div>
   <div class='ocr_carea' id='block_1_8' title="bbox 247 3924 1752 4248">
    <p class='ocr_par' dir='ltr' id='par_1_17' title="bbox 247 3924 1752 4248">
     <span class='ocr_line' id='line_1_28' title="bbox 270 3924 1752 4079; baseline 0.001 -89"><span class='ocrx_word' id='word_1_229' title='bbox 270 3924 521 4079; x_wconf 31' lang='lat' dir='ltr'><strong>&#39;Ecclesiad[de]</strong></span> <span class='ocrx_word' id='word_1_230' title='bbox 540 3928 659 3994; x_wconf 75' lang='lat' dir='ltr'><strong>Grues</strong></span> <span class='ocrx_word' id='word_1_231' title='bbox 677 3927 833 3993; x_wconf 81' lang='lat' dir='ltr'><strong>Rncrunn</strong></span> <span class='ocrx_word' id='word_1_232' title='bbox 852 3924 925 4006; x_wconf 79' lang='lat' dir='ltr'><strong>(sic)</strong></span> <span class='ocrx_word' id='word_1_233' title='bbox 943 3931 1073 3992; x_wconf 89' lang='lat' dir='ltr'><strong>taxatur</strong></span> <span class='ocrx_word' id='word_1_234' title='bbox 1088 3927 1129 3990; x_wconf 89' lang='lat' dir='ltr'><strong>ab</strong></span> <span class='ocrx_word' id='word_1_235' title='bbox 1144 3930 1278 4010; x_wconf 87' lang='lat' dir='ltr'><strong>antiquo</strong></span> <span class='ocrx_word' id='word_1_236' title='bbox 1289 3927 1358 4010; x_wconf 89' lang='lat' dir='ltr'><strong>viij.</strong></span> <span class='ocrx_word' id='word_1_237' title='bbox 1372 3947 1505 3994; x_wconf 87' lang='lat' dir='ltr'><strong>marcas.</strong></span> <span class='ocrx_word' id='word_1_238' title='bbox 1554 3929 1752 4032; x_wconf 83' lang='lat' dir='ltr'><strong>Subsidium,</strong></span> 
     </span>
     <span class='ocr_line' id='line_1_29' title="bbox 247 4035 461 4099; baseline 0.005 -22"><span class='ocrx_word' id='word_1_239' title='bbox 247 4035 325 4080; x_wconf 74' lang='lat' dir='ltr'><strong>vus.</strong></span> <span class='ocrx_word' id='word_1_240' title='bbox 342 4035 411 4099; x_wconf 69' lang='lat' dir='ltr'><strong>vnj.</strong></span> <span class='ocrx_word' id='word_1_241' title='bbox 453 4064 461 4078; x_wconf 93' lang='lat'>.</span> 
     </span>
     <span class='ocr_line' id='line_1_30' title="bbox 287 4150 1752 4248; baseline 0.005 -32"><span class='ocrx_word' id='word_1_242' title='bbox 287 4152 431 4218; x_wconf 84' lang='lat' dir='ltr'><strong>Ecclesia</strong></span> <span class='ocrx_word' id='word_1_243' title='bbox 440 4154 481 4217; x_wconf 92' lang='lat' dir='ltr'><strong>de</strong></span> <span class='ocrx_word' id='word_1_244' title='bbox 491 4154 812 4248; x_wconf 73' lang='lat' dir='ltr'><strong>Bussnnoataxatnr</strong></span> <span class='ocrx_word' id='word_1_245' title='bbox 824 4153 1009 4237; x_wconf 88' lang='lat' dir='ltr'><strong>abantiquo</strong></span> <span class='ocrx_word' id='word_1_246' title='bbox 1021 4150 1091 4237; x_wconf 81' lang='lat' dir='ltr'><strong>xiij.</strong></span> <span class='ocrx_word' id='word_1_247' title='bbox 1103 4173 1238 4219; x_wconf 89' lang='lat' dir='ltr'><strong>marcas.</strong></span> <span class='ocrx_word' id='word_1_248' title='bbox 1278 4153 1477 4231; x_wconf 90' lang='lat' dir='ltr'><strong>Subsidium,</strong></span> <span class='ocrx_word' id='word_1_249' title='bbox 1495 4153 1620 4240; x_wconf 87' lang='lat' dir='ltr'><strong>xviij.s.</strong></span> <span class='ocrx_word' id='word_1_250' title='bbox 1639 4156 1752 4237; x_wconf 62' lang='lat' dir='ltr'><strong>viiid.</strong></span> 
     </span>
    </p>
   </div>
   <div class='ocr_carea' id='block_1_9' title="bbox 241 4277 1752 4464">
    <p class='ocr_par' dir='ltr' id='par_1_18' title="bbox 241 4277 1752 4464">
     <span class='ocr_line' id='line_1_31' title="bbox 286 4277 1752 4380; baseline 0.005 -27"><span class='ocrx_word' id='word_1_251' title='bbox 286 4290 429 4355; x_wconf 86' lang='lat' dir='ltr'><strong>Ecclesia</strong></span> <span class='ocrx_word' id='word_1_252' title='bbox 445 4292 485 4356; x_wconf 86' lang='lat' dir='ltr'><strong>de</strong></span> <span class='ocrx_word' id='word_1_253' title='bbox 499 4277 683 4358; x_wconf 75' lang='lat' dir='ltr'><strong>Wrnrrorin</strong></span> <span class='ocrx_word' id='word_1_254' title='bbox 699 4295 829 4355; x_wconf 82' lang='lat' dir='ltr'><strong>taxatur</strong></span> <span class='ocrx_word' id='word_1_255' title='bbox 843 4291 885 4355; x_wconf 91' lang='lat' dir='ltr'><strong>ab</strong></span> <span class='ocrx_word' id='word_1_256' title='bbox 900 4291 1036 4374; x_wconf 87' lang='lat' dir='ltr'><strong>antiquo</strong></span> <span class='ocrx_word' id='word_1_257' title='bbox 1059 4311 1121 4357; x_wconf 89' lang='lat' dir='ltr'><strong>c.s.</strong></span> <span class='ocrx_word' id='word_1_258' title='bbox 1175 4291 1206 4355; x_wconf 92' lang='lat' dir='ltr'>N</span> <span class='ocrx_word' id='word_1_259' title='bbox 1209 4293 1299 4370; x_wconf 90' lang='lat' dir='ltr'><strong>ichil,</strong></span> <span class='ocrx_word' id='word_1_260' title='bbox 1314 4294 1392 4376; x_wconf 87' lang='lat' dir='ltr'><strong>quia</strong></span> <span class='ocrx_word' id='word_1_261' title='bbox 1416 4312 1481 4355; x_wconf 92' lang='lat' dir='ltr'><strong>non</strong></span> <span class='ocrx_word' id='word_1_262' title='bbox 1508 4299 1585 4357; x_wconf 87' lang='lat' dir='ltr'><strong>sunt</strong></span> <span class='ocrx_word' id='word_1_263' title='bbox 1612 4300 1665 4359; x_wconf 69' lang='lat' dir='ltr'><strong>nm</strong></span> <span class='ocrx_word' id='word_1_264' title='bbox 1680 4317 1752 4380; x_wconf 87' lang='lat' dir='ltr'><strong>per-</strong></span> 
     </span>
     <span class='ocr_line' id='line_1_32' title="bbox 241 4378 1676 4464; baseline 0.003 -22"><span class='ocrx_word' id='word_1_265' title='bbox 241 4397 316 4442; x_wconf 86' lang='lat' dir='ltr'><strong>sone</strong></span> <span class='ocrx_word' id='word_1_266' title='bbox 330 4379 558 4456; x_wconf 84' lang='lat' dir='ltr'><strong>inhabitantes,</strong></span> <span class='ocrx_word' id='word_1_267' title='bbox 574 4378 741 4443; x_wconf 88' lang='lat' dir='ltr'><strong>domicilia</strong></span> <span class='ocrx_word' id='word_1_268' title='bbox 755 4383 918 4456; x_wconf 84' lang='lat' dir='ltr'><strong>tenentes,</strong></span> <span class='ocrx_word' id='word_1_269' title='bbox 930 4381 1016 4442; x_wconf 87' lang='lat' dir='ltr'><strong>siout</strong></span> <span class='ocrx_word' id='word_1_270' title='bbox 1030 4379 1219 4444; x_wconf 84' lang='lat' dir='ltr'><strong>continetur</strong></span> <span class='ocrx_word' id='word_1_271' title='bbox 1235 4381 1272 4443; x_wconf 92' lang='lat' dir='ltr'><strong>in</strong></span> <span class='ocrx_word' id='word_1_272' title='bbox 1289 4381 1505 4464; x_wconf 88' lang='lat' dir='ltr'><strong>inquisicione</strong></span> <span class='ocrx_word' id='word_1_273' title='bbox 1520 4380 1676 4464; x_wconf 86' lang='lat' dir='ltr'><strong>predicta.</strong></span> 
     </span>
    </p>
   </div>
   <div class='ocr_carea' id='block_1_10' title="bbox 248 4516 1750 4686">
    <p class='ocr_par' dir='ltr' id='par_1_19' title="bbox 248 4516 1750 4686">
     <span class='ocr_line' id='line_1_33' title="bbox 271 4516 1750 4665; baseline 0.005 -87"><span class='ocrx_word' id='word_1_274' title='bbox 271 4516 431 4665; x_wconf 48' lang='lat' dir='ltr'><strong>”Ecplesia</strong></span> <span class='ocrx_word' id='word_1_275' title='bbox 452 4517 493 4580; x_wconf 89' lang='lat' dir='ltr'><strong>de</strong></span> <span class='ocrx_word' id='word_1_276' title='bbox 516 4516 762 4584; x_wconf 81' lang='lat' dir='ltr'><strong>Onnnunsrcnn</strong></span> <span class='ocrx_word' id='word_1_277' title='bbox 786 4520 917 4581; x_wconf 86' lang='lat' dir='ltr'><strong>taxatur</strong></span> <span class='ocrx_word' id='word_1_278' title='bbox 939 4517 980 4581; x_wconf 90' lang='lat' dir='ltr'><strong>ab</strong></span> <span class='ocrx_word' id='word_1_279' title='bbox 995 4518 1131 4600; x_wconf 88' lang='lat' dir='ltr'><strong>antipuc</strong></span> <span class='ocrx_word' id='word_1_280' title='bbox 1153 4539 1202 4583; x_wconf 82' lang='lat' dir='ltr'><strong>xx.</strong></span> <span class='ocrx_word' id='word_1_281' title='bbox 1221 4535 1355 4582; x_wconf 66' lang='lat' dir='ltr'><strong>marcas.</strong></span> <span class='ocrx_word' id='word_1_282' title='bbox 1407 4518 1608 4598; x_wconf 87' lang='lat' dir='ltr'><strong>Subsidium,</strong></span> <span class='ocrx_word' id='word_1_283' title='bbox 1632 4520 1750 4606; x_wconf 61' lang='lat' dir='ltr'><strong>arvjo.</strong></span> 
     </span>
     <span class='ocr_line' id='line_1_34' title="bbox 248 4622 1259 4686; baseline 0.003 -21"><span class='ocrx_word' id='word_1_284' title='bbox 248 4622 316 4686; x_wconf 70' lang='lat' dir='ltr'><strong>vnj.</strong></span> <span class='ocrx_word' id='word_1_285' title='bbox 350 4653 357 4667; x_wconf 91' lang='lat'><strong><em>.</em></strong></span> <span class='ocrx_word' id='word_1_286' title='bbox 1255 4645 1259 4652; x_wconf 90' lang='lat'><em>-</em></span> 
     </span>
    </p>
   </div>
   <div class='ocr_carea' id='block_1_11' title="bbox 286 4738 1659 4830">
    <p class='ocr_par' dir='ltr' id='par_1_20' title="bbox 286 4738 1659 4830">
     <span class='ocr_line' id='line_1_35' title="bbox 286 4738 1659 4830; baseline 0.007 -28"><span class='ocrx_word' id='word_1_287' title='bbox 286 4738 430 4805; x_wconf 88' lang='lat' dir='ltr'><strong>Ecclesia</strong></span> <span class='ocrx_word' id='word_1_288' title='bbox 444 4740 485 4804; x_wconf 89' lang='lat' dir='ltr'><strong>dc</strong></span> <span class='ocrx_word' id='word_1_289' title='bbox 502 4743 736 4809; x_wconf 81' lang='lat' dir='ltr'><strong>Dsnnwnsusr</strong></span> <span class='ocrx_word' id='word_1_290' title='bbox 749 4746 880 4807; x_wconf 58' lang='lat' dir='ltr'><strong>uratur</strong></span> <span class='ocrx_word' id='word_1_291' title='bbox 895 4743 936 4807; x_wconf 90' lang='lat' dir='ltr'><strong>ab</strong></span> <span class='ocrx_word' id='word_1_292' title='bbox 951 4744 1088 4826; x_wconf 87' lang='lat' dir='ltr'><strong>antiquo</strong></span> <span class='ocrx_word' id='word_1_293' title='bbox 1104 4744 1148 4808; x_wconf 84' lang='lat' dir='ltr'><strong>ls.</strong></span> <span class='ocrx_word' id='word_1_294' title='bbox 1158 4763 1183 4808; x_wconf 89' lang='lat' dir='ltr'><strong>s.</strong></span> <span class='ocrx_word' id='word_1_295' title='bbox 1235 4743 1435 4822; x_wconf 89' lang='lat' dir='ltr'><strong>Subsidium,</strong></span> <span class='ocrx_word' id='word_1_296' title='bbox 1451 4745 1529 4829; x_wconf 87' lang='lat' dir='ltr'><strong>vj.s.</strong></span> <span class='ocrx_word' id='word_1_297' title='bbox 1548 4745 1659 4830; x_wconf 60' lang='lat' dir='ltr'><strong>vilja.</strong></span> 
     </span>
    </p>
   </div>
   <div class='ocr_carea' id='block_1_12' title="bbox 244 4876 1752 5052">
    <p class='ocr_par' dir='ltr' id='par_1_21' title="bbox 244 4876 1752 5052">
     <span class='ocr_line' id='line_1_36' title="bbox 286 4876 1752 4965; baseline 0.008 -26"><span class='ocrx_word' id='word_1_298' title='bbox 286 4876 335 4940; x_wconf 89' lang='lat' dir='ltr'><strong>De</strong></span> <span class='ocrx_word' id='word_1_299' title='bbox 349 4878 459 4961; x_wconf 90' lang='lat' dir='ltr'><strong>aliquo</strong></span> <span class='ocrx_word' id='word_1_300' title='bbox 482 4878 627 4942; x_wconf 89' lang='lat' dir='ltr'><strong>subsidio</strong></span> <span class='ocrx_word' id='word_1_301' title='bbox 650 4879 821 4955; x_wconf 80' lang='lat' dir='ltr'><strong>cniusdam</strong></span> <span class='ocrx_word' id='word_1_302' title='bbox 845 4881 1015 4962; x_wconf 87' lang='lat' dir='ltr'><strong>pancionis</strong></span> <span class='ocrx_word' id='word_1_303' title='bbox 1042 4900 1126 4946; x_wconf 68' lang='lat' dir='ltr'><strong>aas.</strong></span> <span class='ocrx_word' id='word_1_304' title='bbox 1146 4901 1244 4965; x_wconf 85' lang='lat' dir='ltr'><strong>quam</strong></span> <span class='ocrx_word' id='word_1_305' title='bbox 1270 4884 1355 4964; x_wconf 89' lang='lat' dir='ltr'><strong>prior</strong></span> <span class='ocrx_word' id='word_1_306' title='bbox 1383 4883 1493 4947; x_wconf 86' lang='lat' dir='ltr'><strong>Sancti</strong></span> <span class='ocrx_word' id='word_1_307' title='bbox 1519 4882 1752 4962; x_wconf 72' lang='lat' dir='ltr'><strong>bartholomei,</strong></span> 
     </span>
     <span class='ocr_line' id='line_1_37' title="bbox 244 4963 1749 5052; baseline 0.008 -28"><span class='ocrx_word' id='word_1_308' title='bbox 244 4963 538 5048; x_wconf 88' lang='lat' dir='ltr'><strong>Lcndon,percipit</strong></span> <span class='ocrx_word' id='word_1_309' title='bbox 554 4965 687 5044; x_wconf 88' lang='lat' dir='ltr'><strong>ibidem,</strong></span> <span class='ocrx_word' id='word_1_310' title='bbox 699 4986 760 5028; x_wconf 93' lang='lat' dir='ltr'><strong>non</strong></span> <span class='ocrx_word' id='word_1_311' title='bbox 774 4966 981 5051; x_wconf 86' lang='lat' dir='ltr'><strong>respondent,</strong></span> <span class='ocrx_word' id='word_1_312' title='bbox 994 4987 1032 5031; x_wconf 92' lang='lat' dir='ltr'><strong>eo</strong></span> <span class='ocrx_word' id='word_1_313' title='bbox 1047 4968 1133 5051; x_wconf 90' lang='lat' dir='ltr'><strong>quod</strong></span> <span class='ocrx_word' id='word_1_314' title='bbox 1145 4972 1220 5032; x_wconf 89' lang='lat' dir='ltr'><strong>taxa</strong></span> <span class='ocrx_word' id='word_1_315' title='bbox 1234 4969 1377 5052; x_wconf 86' lang='lat' dir='ltr'><strong>ejusdem</strong></span> <span class='ocrx_word' id='word_1_316' title='bbox 1395 4970 1526 5034; x_wconf 88' lang='lat' dir='ltr'><strong>ecclesie</strong></span> <span class='ocrx_word' id='word_1_317' title='bbox 1573 5021 1580 5036; x_wconf 91' lang='lat'>.</span> <span class='ocrx_word' id='word_1_318' title='bbox 1630 5022 1637 5037; x_wconf 91' lang='lat'>.</span> <span class='ocrx_word' id='word_1_319' title='bbox 1686 5021 1693 5038; x_wconf 93' lang='lat'><strong>.</strong></span> <span class='ocrx_word' id='word_1_320' title='bbox 1742 5023 1749 5036; x_wconf 92' lang='lat'><strong>.</strong></span> 
     </span>
    </p>
   </div>
   <div class='ocr_carea' id='block_1_13' title="bbox 243 5101 1748 5273">
    <p class='ocr_par' dir='ltr' id='par_1_22' title="bbox 243 5101 1748 5273">
     <span class='ocr_line' id='line_1_38' title="bbox 287 5101 1748 5190; baseline 0.007 -24"><span class='ocrx_word' id='word_1_321' title='bbox 287 5101 422 5167; x_wconf 88' lang='lat' dir='ltr'><strong>Summa</strong></span> <span class='ocrx_word' id='word_1_322' title='bbox 452 5101 675 5184; x_wconf 86' lang='lat' dir='ltr'><strong>parochiarum</strong></span> <span class='ocrx_word' id='word_1_323' title='bbox 705 5127 735 5168; x_wconf 81' lang='lat' dir='ltr'><strong>x.</strong></span> <span class='ocrx_word' id='word_1_324' title='bbox 768 5123 891 5167; x_wconf 89' lang='lat' dir='ltr'><strong>marcas</strong></span> <span class='ocrx_word' id='word_1_325' title='bbox 922 5110 957 5168; x_wconf 86' lang='lat' dir='ltr'><strong>et</strong></span> <span class='ocrx_word' id='word_1_326' title='bbox 981 5105 1068 5168; x_wconf 89' lang='lat' dir='ltr'><strong>ultra</strong></span> <span class='ocrx_word' id='word_1_327' title='bbox 1099 5105 1190 5170; x_wconf 82' lang='lat' dir='ltr'><strong>cclix.</strong></span> <span class='ocrx_word' id='word_1_328' title='bbox 1228 5105 1265 5172; x_wconf 83' lang='lat' dir='ltr'><strong>li.</strong></span> <span class='ocrx_word' id='word_1_329' title='bbox 1305 5106 1382 5190; x_wconf 83' lang='lat' dir='ltr'><strong>vj.s.</strong></span> <span class='ocrx_word' id='word_1_330' title='bbox 1417 5106 1532 5189; x_wconf 64' lang='lat' dir='ltr'><strong>viiju.</strong></span> <span class='ocrx_word' id='word_1_331' title='bbox 1594 5109 1680 5174; x_wconf 87' lang='lat' dir='ltr'><strong>Item</strong></span> <span class='ocrx_word' id='word_1_332' title='bbox 1719 5133 1748 5176; x_wconf 83' lang='grc' dir='ltr'><strong>ν.</strong></span> 
     </span>
     <span class='ocr_line' id='line_1_39' title="bbox 243 5189 693 5273; baseline 0.007 -21"><span class='ocrx_word' id='word_1_333' title='bbox 243 5189 391 5273; x_wconf 89' lang='lat' dir='ltr'><strong>parochie</strong></span> <span class='ocrx_word' id='word_1_334' title='bbox 406 5191 493 5252; x_wconf 86' lang='lat' dir='ltr'><strong>infra</strong></span> <span class='ocrx_word' id='word_1_335' title='bbox 512 5211 542 5254; x_wconf 83' lang='lat' dir='ltr'><strong>x.</strong></span> <span class='ocrx_word' id='word_1_336' title='bbox 560 5211 693 5256; x_wconf 87' lang='lat' dir='ltr'><strong>marcas.</strong></span> 
     </span>
    </p>
   </div>
   <div class='ocr_carea' id='block_1_14' title="bbox 688 5328 1250 5416">
    <p class='ocr_par' dir='ltr' id='par_1_23' title="bbox 688 5328 1250 5416">
     <span class='ocr_line' id='line_1_40' title="bbox 688 5328 1250 5416; baseline -0.002 -19"><span class='ocrx_word' id='word_1_337' title='bbox 688 5329 823 5397; x_wconf 88' lang='lat' dir='ltr'><strong>Summa</strong></span> <span class='ocrx_word' id='word_1_338' title='bbox 836 5330 973 5395; x_wconf 90' lang='lat' dir='ltr'><strong>subsidii</strong></span> <span class='ocrx_word' id='word_1_339' title='bbox 990 5329 1087 5414; x_wconf 83' lang='lat' dir='ltr'><strong>xxvij.</strong></span> <span class='ocrx_word' id='word_1_340' title='bbox 1104 5328 1142 5398; x_wconf 75' lang='lat' dir='ltr'><strong>lt.</strong></span> <span class='ocrx_word' id='word_1_341' title='bbox 1161 5331 1250 5416; x_wconf 89' lang='lat' dir='ltr'><strong>xij.s.</strong></span> 
     </span>
    </p>
   </div>
   <div class='ocr_carea' id='block_1_15' title="bbox 687 5466 1282 5554">
    <p class='ocr_par' dir='ltr' id='par_1_24' title="bbox 687 5466 1282 5554">
     <span class='ocr_line' id='line_1_41' title="bbox 687 5466 1282 5554; baseline 0 -21"><span class='ocrx_word' id='word_1_342' title='bbox 687 5466 822 5533; x_wconf 88' lang='lat' dir='ltr'><strong>Summa</strong></span> <span class='ocrx_word' id='word_1_343' title='bbox 836 5469 1039 5552; x_wconf 85' lang='lat' dir='ltr'><strong>superoneris</strong></span> <span class='ocrx_word' id='word_1_344' title='bbox 1054 5467 1155 5551; x_wconf 87' lang='lat' dir='ltr'><strong>xlij.s.</strong></span> <span class='ocrx_word' id='word_1_345' title='bbox 1172 5466 1282 5554; x_wconf 83' lang='lat' dir='ltr'><strong>viij.d.</strong></span> 
     </span>
    </p>
   </div>
   <div class='ocr_carea' id='block_1_16' title="bbox 0 0 2064 6198">
    <p class='ocr_par' dir='ltr' id='par_1_25' title="bbox 0 0 2064 6198">
     <span class='ocr_line' id='line_1_42' title="bbox 0 0 2064 6198; baseline 0 0"><span class='ocrx_word' id='word_1_346' title='bbox 0 0 2064 6198; x_wconf 95' lang='lat' dir='ltr'><strong> </strong></span> 
     </span>
    </p>
   </div>
  </div>
 </body>
</html>
