4117 6200
316 618 380 682 350
987 617 1146 684 HANTS.

355 904 535 969 Mauricius
551 904 717 991 Berkeley,
742 907 925 992 Margareia
948 905 1108 991 Popham‚
1134 906 1283 972 Johanna
1309 907 1472 987 Patriehe,
1496 907 1647 974 Johanna
1672 909 1766 989 Olde,
1779 913 1815 976 et

312 992 440 1078 Agneta
463 991 605 1073 Burdon,
629 997 665 1058 et
687 993 757 1072 alii,
776 999 892 1058 tenent
909 995 937 1078 j.
960 994 984 1061 f.
1009 1016 1055 1065 m.
1080 997 1116 1058 in
1130 996 1311 1074 Aauuwom
1333 997 1545 1075 Mmannoau‚
1559 996 1765 1077 Romaanus,
1781 1003 1816 1063 eh

312 1081 566 1148 Nonrnnuwuus
585 1085 709 1162 (raedas
726 1083 842 1149 Nouru
860 1083 980 1159 Sarni).
1027 1082 1100 1146 Non
1115 1083 1322 1167 respondent,
1338 1086 1414 1167 quia
1429 1085 1516 1149 inter
1531 1104 1584 1148 eos
1600 1085 1770 1151 dividitur.

354 1217 447 1280 Prior
462 1218 642 1302 Hospitalis
657 1216 768 1282 Sancti
780 1217 939 1281 Johannis
951 1219 1133 1284 Jerusalem
1148 1240 1206 1304 pro
1221 1223 1335 1304 quarta
1350 1225 1446 1304 parte
1463 1221 1486 1286 i.
1498 1241 1542 1287 m.
1553 1221 1587 1284 in
1601 1220 1815 1302 annroam

310 1305 397 1389 quod
410 1306 567 1388 magister
582 1306 703 1369 milicie
718 1306 847 1390 Templi
862 1308 1025 1390 quondam
1043 1308 1163 1372 lenuit.

351 1441 517 1507 Johannss
531 1442 640 1528 Tyrell
654 1446 747 1507 tenet
761 1447 826 1507 tres
841 1443 987 1527 pertesi.
1003 1465 1048 1510 m.
1064 1445 1099 1509 in
1113 1446 1240 1525 Arnus,
1257 1449 1291 1509 et
1318 1445 1510 1524 annuou,
1536 1444 1622 1529 quod
1635 1445 1812 1511 .Henrious

310 1530 351 1594 de
365 1529 526 1615 Tysslden
541 1534 575 1594 et
588 1530 728 1594 Thomas
744 1529 938 1595 (lhaloombe
953 1533 1116 1616 quondam
1132 1537 1322 1598 tenuerunt.

354 1663 521 1730 Johannes
535 1665 626 1730 More
642 1670 734 1732 tenet
748 1672 899 1751 quartam
913 1667 1139 1752 patiemim.
1156 1671 1191 1734 in
1209 1670 1361 1749 Humor,
1372 1669 1458 1754 quod
1474 1669 1642 1735 Galfridus
1657 1671 1813 1735 Dalmarll

310 1754 472 1836 quondam
487 1755 607 1820 tenuit.

353 1888 607 2043 ThpmastTamp
623 1894 715 1956 tanei
729 1892 902 1956 dimidiam
916 1897 1044 1977 partem
1059 1894 1082 1960 f.
1096 1915 1141 1960 m.
1152 1895 1186 1957 in
1200 1897 1326 1976 Avnun,
1340 1894 1426 1978 quod
1440 1894 1586 1980 Rogerus
1601 1895 1643 1960 de
1658 1895 1814 1963 Meleberi

309 1997 396 2063 quon
419 1999 473 2042 am
505 1998 610 2044 enus.

352 2113 465 2180 (lomes
493 2116 536 2181 de
566 2115 713 2180 Urmond
741 2120 776 2180 eh
805 2115 970 2182 Johannes
995 2117 1122 2183 Meosne
1144 2122 1261 2184 tenent
1286 2119 1332 2184 di.
1363 2118 1387 2184 ἰ.
1419 2139 1463 2183 m.
1494 2119 1530 2182 in
1558 2117 1698 2199 Sensuro,
1726 2119 1812 2204 quod

307 2201 471 2268 Johannes
485 2203 628 2288 Boilegh
642 2207 678 2268 et
692 2204 856 2268 Henrioua
872 2205 1011 2291 Moneye
1025 2207 1188 2290 quondam
1202 2212 1394 2272 tenuerunt.

351 2339 551 2426 Reginaldus
579 2340 670 2405 West
698 2346 733 2405 et
770 2341 962 2426 Radnlphus
1000 2342 1105 2408 Bussh
1135 2348 1253 2409 tenent
1279 2345 1325 2410 di.
1356 2344 1380 2410 f.
1411 2365 1456 2410 m.
1487 2346 1522 2408 in
1553 2344 1745 2415 Wuunurou
1775 2349 1809 2411 et

310 2428 625 2508 Snuennnauosoau,
639 2429 729 2512 quod
746 2429 928 2494 Willelmus
943 2431 983 2495 de
997 2431 1202 2495 Goundevile
1218 2432 1381 2516 quondam
1397 2434 1517 2498 tenuit.

309 2657 323 2717 t
350 2565 516 2717 Jolpannes
531 2565 709 2630 Holeombe
725 2569 818 2632 tenet
832 2568 877 2632 di.
894 2566 919 2632 f.
938 2589 981 2633 m.
998 2570 1034 2631 in
1050 2569 1238 2649 Ennianus,
1253 2570 1339 2654 quod
1356 2569 1476 2633 Ysolda
1490 2568 1622 2634 Brunne
1646 2569 1810 2653 quondam

325 2673 402 2718 enm
421 2703 428 2719 .

350 2789 516 2856 Johannes
539 2791 670 2874 Molyns
695 2795 788 2857 tenet
811 2792 856 2858 di.
873 2791 897 2859 f.
913 2813 958 2858 m.
979 2796 1014 2855 in
1040 2793 1197 2872 Hnwsou‚
1224 2797 1259 2858 eh
1283 2794 1373 2876 alibi,
1400 2794 1488 2878 quod
1513 2794 1671 2860 Ricardus
1698 2795 1810 2881 Ooffyn

308 2879 471 2963 quondam
486 2880 606 2944 tenuit.

350 3016 465 3084 (lomes
478 3015 622 3080 Deronie
636 3019 729 3081 tenet
751 3019 797 3083 di.
814 3017 838 3083 f.
855 3039 900 3084 m.
916 3019 952 3082 in
979 3019 1070 3086 Nova
1085 3019 1301 3087 qusuonou.
1357 3019 1389 3084 N
1391 3040 1433 3085 on
1456 3020 1643 3107 respondet,
1671 3021 1749 3106 quia
1772 3022 1808 3085 in

304 3123 405 3169 mann
418 3106 544 3169 domini
558 3106 658 3189 regis,
674 3126 772 3170 oanea
786 3107 922 3171 minoris
936 3109 1046 3174 etatis.

348 3238 462 3305 Comes
485 3238 664 3305 Sarisburie
688 3244 781 3306 tanei
804 3242 850 3307 di.
868 3243 891 3307 f.
906 3264 951 3309 m.
967 3245 1003 3307 in
1027 3244 1182 3323 Bawnorn
1199 3246 1285 3329 quod
1309 3245 1466 3310 Ricardus
1481 3245 1630 3311 Ianslale
1644 3244 1809 3331 quondam

303 3329 424 3407 tenuit,
437 3334 472 3392 at
481 3327 509 3413 j.
525 3329 570 3393 di.
588 3329 611 3393 f.
628 3350 673 3394 m.
689 3328 725 3392 in
740 3330 939 3409 Wusssuam
953 3330 1048 3415 eujus
1075 3329 1253 3419 ten[ura?]
1285 3334 1483 3417 ignoramus.
1538 3334 1610 3399 Non
1636 3333 1809 3419 respondet

305 3414 370 3496 hie,
386 3417 464 3499 qnia
478 3423 631 3481 oneratur
645 3416 680 3480 in
695 3417 858 3481 oomihahu
874 3417 1002 3483 Wiltes.

766 3631 987 3698 Huuuanuuu
1011 3653 1055 3698 un
1082 3632 1398 3703 THORNEGATE.

351 3768 461 3833 Abbas
476 3768 518 3834 de
533 3768 650 3854 Letley
663 3774 756 3835 tenet
770 3770 816 3838 di.
832 3772 857 3838 f.
873 3792 919 3838 m.
935 3772 971 3835 in
986 3773 1175 3841 wrmowu.
1220 3774 1293 3840 Non
1308 3775 1493 3859 respondet,
1508 3776 1586 3859 quia
1610 3775 1707 3841 solvit
1730 3775 1809 3839 inde

306 3857 439 3921 domino
452 3858 523 3942 regi
537 3856 690 3924 decimas.

346 3992 485 4058 Thomas
509 3992 694 4079 Ryngesrod
723 3998 817 4061 tenet
841 3996 870 4079 j.
898 3996 922 4063 i.
948 4017 993 4062 m.
1021 3999 1057 4059 in
1095 3996 1301 4079 Summanu,
1337 3998 1424 4083 quod
1460 3998 1619 4065 Binardus
1654 4000 1807 4086 Englissh

304 4083 468 4167 quondam
482 4082 603 4147 tenuit.

344 4217 508 4283 iohannes
533 4218 699 4284 Onvedale
727 4225 821 4284 tenet
849 4220 895 4285 di.
920 4219 945 4287 i.
969 4241 1014 4287 m.
1042 4223 1079 4286 in
1111 4223 1415 4293 Prrrnnswounsun
1439 4234 1476 4290 et
1508 4226 1700 4303 Duuaaroo,
1722 4225 1809 4309 quod

300 4305 465 4372 Johannes
480 4306 583 4388 Kene,
597 4312 633 4373 eh
645 4307 726 4372 sooii
742 4309 803 4388 aui,
820 4308 1194 4391 qnondamvtenuerunt.

343 4444 436 4508 Prior
458 4444 583 4508 Domus
597 4442 659 4507 Dei
672 4442 713 4507 de
738 4442 987 4509 Porhesmouthe
1009 4449 1103 4512 tenet
1127 4447 1152 4531 j.
1169 4446 1193 4513 f.
1210 4468 1254 4514 m.
1271 4449 1306 4511 in
1322 4450 1515 4529 Buarurou,
1531 4448 1616 4533 quod
1643 4448 1804 4514 Roberhus

303 4532 457 4601 Walrond
472 4532 636 4616 quondam
649 4532 768 4596 tenuit.

344 4671 499 4735 Priorissa
512 4671 553 4735 de
569 4671 774 4754 Awmesbury
788 4675 883 4735 ieneh
901 4670 928 4756 j.
945 4670 970 4737 f.
986 4693 1031 4737 m.
1049 4674 1084 4737 in
1100 4675 1252 4742 Wnnnon.
1299 4673 1373 4740 Non
1395 4676 1579 4759 respondet,
1604 4675 1681 4759 quia
1707 4675 1803 4739 solvit

302 4760 437 4824 domino
451 4762 522 4843 regi
537 4758 690 4823 decimas.

342 4894 506 4961 lohannes
530 4892 693 4973 Denham‚
717 4894 870 4974 ohiraler,
897 4899 989 4960 tenet
1009 4896 1037 4980 j.
1053 4897 1077 4962 f.
1096 4918 1140 4964 m.
1156 4900 1192 4961 in
1209 4900 1361 4979 Wannor,
1381 4899 1466 4985 quod
1489 4899 1656 4965 Johannea
1681 4899 1804 4965 Moeles

301 4985 466 5069 quondam
479 4984 601 5048 tenuit.

345 5121 486 5186 Thomas
510 5121 662 5205 Benbury
677 5126 711 5185 et
736 5120 894 5186 Ricardus
908 5121 1040 5208 Wallop
1066 5129 1156 5189 tenet
1179 5131 1329 5209 quartam
1356 5130 1483 5211 partem
1506 5126 1531 5191 f.
1548 5147 1593 5192 m.
1610 5128 1645 5190 in
1662 5127 1804 5193 Nnrnna

300 5210 462 5362 gffig}
463 5346 472 5364 ο
484 5209 571 5293 quod
607 5209 753 5293 Rogatus
791 5206 974 5273 Flawndres
1003 5212 1166 5294 quondam
1203 5214 1324 5280 tenuit.
1391 5214 1465 5278 Non
1501 5214 1707 5298 respondent,
1729 5214 1808 5297 quia

346 5434 516 5587 lopannetp
526 5434 654 5585 Tathop
668 5437 760 5497 tenet
774 5436 922 5517 quartam
937 5439 1065 5521 partem
1081 5438 1104 5505 f.
1121 5460 1165 5505 m.
1184 5440 1218 5504 in
1233 5442 1391 5518 Wnnnor,
1404 5439 1491 5527 quod
1505 5439 1661 5505 Ricardus
1686 5438 1809 5506 Bathon

304 5542 391 5613 quon
414 5543 468 5587 am
516 5541 602 5588 nm.
