4117 6200
874 1099 969 1170 Am.
1013 1095 1135 1168 1346.

825 1383 1212 1398 m

676 1600 914 1689 [Hcacaacca
937 1623 981 1671 aa
1005 1594 1346 1684 CIRENOESTRE]

179 1833 189 1856 Ι
304 1767 482 1849 Inqaiaicio
496 1772 592 1850 capa
606 1767 693 1850 apud
715 1767 1002 1845 cirencestrfiam),
1024 1763 1077 1828 die
1097 1762 1230 1827 Veneria
1254 1765 1331 1826 ante
1354 1761 1472 1824 sectum
1496 1756 1608 1821 Sancti
1633 1749 1757 1815 Thome

261 1853 420 1930 Martiria
434 1872 519 1916 anno
533 1855 630 1937 regni
639 1853 725 1937 regia
739 1853 888 1917 Edwardi
902 1852 998 1916 tercii
1013 1855 1087 1935 post
1102 1853 1315 1934 conquestum
1324 1846 1473 1912 vicesimo
1487 1842 1644 1942 secunda
1651 1858 1758 1902 coram

261 1941 451 2004 vicecomite
478 1939 690 2019 Glouceatrie,
716 1945 751 2004 et
781 1941 929 2006 Johanne
959 1939 999 2003 de
1028 1939 1145 2015 toton,
1179 1935 1331 2014 chivaIer,
1360 1938 1395 1999 et
1424 1932 1567 1996 Henrico
1597 1925 1759 2029 Chffcrde‚

261 2027 483 2095 collectoribus
497 2027 612 2095 anxilii
626 2027 669 2094 ad
683 2028 938 2112 primogenitum
952 2026 1059 2092 filium
1073 2026 1159 2112 regia
1174 2026 1317 2092 militem
1332 2021 1518 2086 faciendum
1543 2019 1578 2082 in
1601 2018 1759 2080 com1tatu

261 2114 474 2190 Gloucaatrie,
501 2133 558 2198 per
581 2118 821 2178 sacramentum
845 2114 981 2178 Walteri
996 2113 1121 2198 Bagge,
1136 2111 1157 2176 J
1159 2111 1295 2176 ohannis
1310 2110 1418 2194 Elaia,
1434 2105 1566 2171 Ricardi
1581 2102 1759 2200 Hikemaa,

260 2200 420 2265 Johannis
435 2201 517 2278 Alci,
543 2200 678 2265 Walteri
703 2200 830 2281 Fordel,
858 2199 1018 2265 Johannia
1041 2199 1199 2279 Fraunce,
1227 2199 1386 2263 iohannis
1411 2196 1441 2260 le
1468 2195 1574 2272 Huni,
1601 2186 1759 2289 Johanme

263 2289 399 2371 Boteyn‚
422 2287 572 2374 Hugcniq
594 2289 628 2352 la
651 2287 743 2365 Sami,
767 2287 915 2372 Philippi
941 2286 1057 2368 Larice,
1082 2287 1241 2356 Johannis
1257 2285 1399 2370 Yalkyn,
1414 2282 1565 2366 Hugonie
1591 2276 1760 2358 Neel,qu1

262 2375 379 2440 dicunt
392 2395 451 2457 per
466 2379 706 2442 sacramentum
722 2396 828 2456 cuum,
843 2376 930 2459 quod
942 2397 994 2438 :—

305 2502 445 2570 Thomas
459 2505 500 2569 de
516 2503 634 2569 Sancto
648 2506 764 2571 Mauro
778 2511 870 2575 tenet
885 2526 939 2572 un.
957 2506 980 2570 f.
997 2525 1042 2570 m.
1059 2505 1093 2578 in
1110 2505 1273 2574 Hammon
1290 2504 1410 2582 Maia,
1428 2499 1515 2586 quoi
1530 2495 1705 2563 Nicholaue
1720 2494 1759 2558 de

263 2591 382 2656 Sancto
397 2591 512 2656 Mauro
527 2594 635 2657 tenuit
648 2593 782 2659 ibidem.

306 2721 491 2786 Willelmua
506 2722 547 2786 de
563 2722 729 2794 Cuaauuce
743 2729 837 2793 tenet
850 2728 1001 2808 quartam
1021 2727 1149 2808 partem
1166 2745 1221 2789 un.
1238 2723 1261 2790 f.
1278 2724 1314 2786 in
1360 2760 1760 2788 ........

270 2807 641 2897 [Douaaaoamcswaa]
662 2833 761 2895 quam
777 2811 954 2876 Petronitta
969 2813 1009 2875 de
1025 2811 1134 2876 Valere
1150 2813 1260 2876 tenuit
1273 2811 1405 2875 ibidem.

308 2945 513 3024 Almarictus)
532 2944 572 3009 de
587 2946 705 3012 Sancto
721 2947 878 3011 Aimando
900 2945 1080 3035 [Amando]
1102 2953 1195 3012 tenet
1211 2969 1267 3014 un.
1278 2947 1301 3014 i.
1314 2951 1349 3012 et
1363 2951 1512 3031 quartam
1528 2949 1654 3028 partem
1669 2959 1724 3002 un.
1738 2939 1761 3000 i.

263 3034 300 3096 in
317 3033 590 3114 Soccacaaaaaa
614 3032 715 3122 [quod
732 3035 910 3100 Almaricua
925 3035 966 3100 dc
985 3035 1105 3105 Sancto
1119 3033 1290 3115 elinando,
1305 3037 1507 3120 predecessor
1531 3029 1680 3117 predicti,
1706 3026 1762 3110 qui

265 3141 352 3185 nunc
368 3127 428 3201 eet,
442 3122 605 3204 quondam
620 3121 757 3209 tenuit]

308 3252 493 3317 Willelmua
507 3254 548 3318 de
564 3253 709 3318 Carawell
733 3259 825 3320 tenet
849 3255 894 3321 di.
912 3255 935 3321 f.
952 3276 997 3321 m.
1014 3256 1050 3318 in
1076 3255 1249 3323 Soumaou
1274 3254 1465 3331 Laudem,
1490 3250 1576 3336 quod
1600 3246 1762 3313 Johannea

268 3340 451 3425 Langeleye
468 3342 576 3406 tenuit
592 3343 725 3407 ibidem.

309 3476 467 3543 Robertuc
490 3479 627 3545 Barbast
650 3484 742 3545 tenet
771 3480 816 3546 di.
842 3481 866 3545 f.
893 3501 938 3546 m.
965 3480 1001 3546 in
1026 3480 1141 3546 eadem
1170 3482 1258 3563 villa,
1290 3478 1393 3569 [quod
1422 3477 1582 3543 Robertue
1613 3472 1761 3551 Barbam,

267 3570 445 3630 antecessor
458 3567 540 3651 ejus,
556 3567 719 3651 quondam
735 3566 871 3656 tenuit]

310 3702 448 3769 Thomas
472 3704 513 3770 de
536 3704 717 3770 Bradeston
739 3710 831 3771 tenet
855 3705 900 3771 di.
925 3703 949 3773 f.
974 3727 1020 3772 m.
1045 3708 1082 3770 in
1111 3704 1306 3777 Soumeaoa
1331 3705 1484 3785 Musica,
1509 3702 1596 3789 quod
1624 3698 1765 3763 Matilda

268 3790 403 3859 Musud
418 3793 528 3859 tenuit
540 3792 677 3859 ibidem.

311 3927 475 3994 Johannes
500 3930 667 3995 Dudeccte
694 3929 891 4019 [Dodecote]
921 3936 1015 3996 tenet
1038 3934 1173 3997 terciam
1194 3938 1321 4018 partem
1346 3952 1402 4000 un.
1419 3906 1495 3999 tin
1511 3930 1761 4003 Onasaaaaoaa

268 4018 355 4102 quod
370 4017 562 4085 Edmundua
577 4020 618 4082 de
632 4019 813 4105 Langeleye
829 4020 939 4084 tenuit
952 4018 1088 4086 ibidem.

319 4156 382 4245 [De
406 4158 523 4224 abbate
547 4159 588 4222 de
611 4159 820 4244 Teukesbury
843 4178 900 4242 pro
923 4157 969 4223 di.
985 4158 1009 4223 f.
1027 4178 1072 4222 m.
1088 4158 1124 4222 in
1149 4159 1198 4226 Ue
1224 4158 1399 4238 Ammaia,
1428 4156 1514 4242 quod
1539 4155 1700 4220 walterus
1726 4153 1766 4215 de

270 4244 487 4324 Ohdtenham,
502 4250 537 4311 et
552 4248 729 4330 pammatii
744 4247 807 4325 aui,
822 4244 986 4328 quondam
1000 4243 1209 4332 tenuerunt]

313 4383 495 4449 Willelmm
510 4383 606 4449 Cave]
622 4388 712 4449 tenet
725 4384 886 4447 decimam
901 4386 1030 4465 partem
1046 4402 1102 4448 un.
1119 4382 1143 4450 f.
1161 4386 1197 4448 in
1213 4385 1429 4464 Ummidia,
1453 4380 1565 4469 [quam
1591 4382 1770 4446 willelmus

270 4470 378 4551 Cavel,
394 4479 586 4551 antecessor,
600 4471 764 4557 quondam
778 4466 916 4556 tenuit]

314 4605 499 4672 Willelmua
515 4608 642 4690 Mareys
664 4604 718 4695 [de
734 4604 914 4692 Marreya],
929 4610 964 4671 et
979 4606 1144 4671 walterus
1166 4607 1208 4672 de
1230 4606 1458 4693 Cammpeden,
1486 4612 1518 4673 et
1544 4607 1709 4673 Johannee
1732 4604 1773 4668 de

272 4692 446 4770 Eveaham,
460 4701 577 4761 tenent
590 4716 647 4761 un.
662 4698 687 4761 i.
701 4696 738 4760 in
754 4695 971 4773 Ummm,
994 4692 1096 4781 [quod
1111 4695 1133 4758 J
1134 4693 1277 4763 ohannes
1291 4697 1332 4763 de
1348 4696 1475 4780 Mareya
1489 4702 1523 4761 et
1544 4697 1565 4762 J
1567 4693 1708 4761 ohannes
1734 4692 1774 4755 de

275 4778 459 4865 Campedon
474 4782 636 4865 quondam
652 4786 827 4847 tenuemnt
840 4780 995 4869 ibidem]

315 4922 479 4988 Johannea
493 4924 534 4987 de
550 4921 667 4987 Poltcn
685 4922 843 5004 (Palma),
860 4926 896 4987 et
910 4922 1088 5006 pammatii
1105 4923 1167 4999 eui,
1181 4927 1295 4987 tenent
1310 4930 1460 5008 quartam
1484 4930 1611 5009 partem
1626 4946 1682 4989 un.
1699 4924 1722 4987 f.
1740 4925 1776 4989 in

272 5012 425 5078 Asiam
439 5015 474 5075 et
488 5012 704 5090 Umaaaaa,
728 5006 830 5097 [quod
853 5008 1019 5075 Johanaea
1042 5010 1081 5073 de
1105 5008 1226 5075 Polton
1253 5011 1410 5093 (Palma),
1435 5024 1614 5079 antecessor
1638 5013 1775 5097 predicti

273 5104 333 5184 qui
346 5119 433 5163 nunc
447 5104 506 5180 est,
522 5099 686 5182 quondam
702 5094 839 5184 tenuit]

317 5236 481 5305 Johannea
505 5238 547 5302 dc
571 5234 809 5319 Wyncheetr(e)
839 5237 934 5300 tenet
958 5252 1015 5300 un.
1043 5233 1067 5300 f.
1094 5254 1139 5301 m.
1168 5235 1204 5299 in
1227 5237 1428 5317 Hanania,
1446 5240 1532 5322 quod
1554 5239 1712 5305 Robertus
1735 5242 1774 5304 de

275 5325 438 5391 Harnhull
454 5323 562 5390 tenuit
577 5325 712 5390 ibidem.

319 5463 448 5541 Emma,
473 5484 536 5549 que
561 5461 629 5530 fuit
651 5481 731 5527 uxor
746 5459 882 5524 Walteri
908 5459 949 5523 de
974 5458 1200 5543 (cirencestroe)
1226 5460 1412 5552 [Oirccatre]
1443 5469 1536 5531 tenet
1560 5486 1616 5535 un.
1640 5466 1664 5533 i.
1681 5487 1725 5534 m.
1742 5469 1775 5531 in

278 5548 393 5632 Cocus,
411 5553 498 5635 quod
513 5551 534 5616 J
535 5550 677 5616 channae
691 5548 821 5633 Waleya
836 5548 959 5614 tenuit.
