4117 6200
914 646 995 711 AJ).
1021 649 1116 712 1428.

773 937 992 1003 Hornannnrr
1016 958 1060 1002 nn
1084 937 1243 1004 FOORD.

299 1073 416 1140 Comes
432 1075 578 1140 Devonie
592 1079 686 1141 tenet
702 1075 747 1140 di.
763 1075 787 1141 f.
803 1096 848 1140 m.
866 1078 900 1138 in
915 1077 1089 1153 Brorsosn,
1105 1077 1191 1160 quod
1213 1076 1313 1162 Hugo
1339 1076 1380 1141 de
1407 1075 1569 1163 Curteney
1595 1079 1759 1162 quondam

262 1166 381 1228 tenuit.
427 1163 459 1226 N
461 1185 501 1226 on
516 1163 700 1247 respondet,
714 1164 792 1247 quia
807 1165 841 1226 in
857 1183 956 1227 manu
971 1163 1096 1227 domini
1110 1165 1197 1247 regis
1211 1171 1340 1249 propter
1355 1167 1511 1228 minorem
1525 1171 1657 1232 etatem.

299 1300 462 1366 Johannes
492 1300 645 1386 Barough
675 1307 765 1365 tenet
794 1303 928 1365 terciam
957 1307 1085 1387 partem
1116 1302 1138 1368 i.
1172 1323 1215 1368 m.
1246 1304 1282 1366 in
1316 1304 1641 1382 Nosrnomanronn,
1671 1305 1757 1390 quod

262 1388 441 1453 Willelmus
456 1389 584 1454 Gilbert
597 1390 761 1485 qnondam
776 1390 895 1455 tenuit.

301 1509 478 1591 Mauricius
493 1527 625 1593 Browne
641 1532 734 1594 tenet
748 1528 793 1593 di.
810 1527 834 1594 f.
850 1549 895 1593 m.
912 1529 947 1591 in
964 1527 1108 1596 Mronsn
1124 1533 1157 1593 et
1174 1529 1300 1599 Foanrr.
1315 1529 1401 1612 quod
1428 1529 1539 1594 Isolda
1565 1530 1598 1595 la
1623 1530 1759 1596 Browne

259 1616 421 1698 quondam
437 1617 557 1680 tenuit.

302 1751 467 1816 Johannes
494 1752 641 1837 Popham
670 1757 762 1818 tenet
790 1755 926 1818 terciam
963 1762 1090 1838 partem
1126 1754 1149 1819 f.
1181 1775 1226 1819 m.
1257 1754 1291 1818 in
1324 1753 1644 1835 Sournonmnsonn
1675 1758 1761 1842 qnod

261 1839 409 1906 Oliverus
423 1842 463 1906 de
477 1841 509 1904 la
524 1839 650 1906 Souehe
664 1842 829 1926 qnondam
846 1842 964 1906 tenuit.

303 1977 466 2041 Johannes
480 1978 576 2057 cose,
593 1979 758 2042 Johannes
772 1979 931 2063 Frebody,
953 1983 988 2043 et
1001 1977 1151 2044 Jobanna
1166 1978 1335 2056 Haselber,
1357 1982 1471 2043 tenent
1486 1982 1620 2045 terciam
1635 1985 1762 2066 partem

260 2065 283 2130 f.
300 2086 344 2130 m.
360 2067 394 2128 in
411 2066 664 2132 Ovnnsonoarn.
710 2066 785 2130 Non
800 2066 1011 2150 respondent,
1026 2068 1103 2150 quia
1118 2068 1204 2130 inter
1220 2087 1273 2130 eos
1289 2067 1459 2144 dividitur,
1474 2066 1531 2133 deo.

303 2204 459 2268 Ricardus
474 2203 689 2268 Punoherdon
706 2211 798 2269 tenet
811 2205 857 2271 di.
873 2205 897 2270 f.
915 2226 958 2270 m.
975 2206 1010 2267 in
1025 2205 1227 2283 Emonam,
1242 2207 1328 2289 qnod
1353 2205 1509 2271 Ricardus
1535 2207 1565 2272 le
1590 2206 1764 2292 Dispenser

260 2292 423 2375 quondam
437 2293 560 2372 tenuit,
574 2290 634 2358 dte.

304 2429 459 2493 Ricardus
484 2429 641 2514 Romesey
667 2435 761 2493 tenet
784 2434 934 2514 quartam
957 2434 1086 2513 partem
1111 2430 1133 2496 f.
1160 2452 1204 2495 nr.
1233 2432 1267 2493 in
1293 2432 1460 2510 Bsrmrom
1486 2431 1572 2517 quod
1597 2432 1765 2500 Henrieus

263 2516 409 2581 Boucher
423 2519 587 2601 quondam
602 2519 722 2582 tenuit.

306 2654 470 2719 Johannes
485 2655 640 2719 Stourton
656 2660 690 2719 et
704 2656 844 2721 Thomas
859 2655 959 2718 Tarne
974 2659 1090 2720 tenent
1108 2655 1153 2721 di.
1170 2655 1193 2721 i.
1211 2677 1255 2722 m.
1271 2656 1308 2719 in
1323 2657 1477 2735 inanem,
1493 2657 1578 2742 quod
1601 2657 1766 2725 Johannes

264 2742 304 2806 de
318 2743 350 2805 la
365 2742 445 2807 Beer
459 2748 493 2806 et
510 2742 693 2806 Wilielmns
708 2742 860 2826 Melbury
875 2744 1039 2827 quondam
1055 2747 1244 2810 tenuerunt.

307 2882 467 2946 Dominus
482 2881 522 2946 de
538 2879 679 2945 Botrenx
693 2886 786 2946 tenet
800 2887 951 2967 quartam
966 2887 1091 2966 partem
1107 2882 1131 2947 f.
1147 2902 1192 2947 m.
1209 2884 1244 2946 in
1260 2882 1430 2962 Ronronn,
1445 2883 1530 2966 qnod
1545 2881 1711 2951 Johannes
1724 2885 1767 2950 ds

266 2967 388 3033 Meoles
402 2969 567 3054 quondam
583 2970 704 3034 tenuit.

309 3108 414 3172 Abbas
438 3106 525 3170 Belli
549 3106 629 3171 Lori
653 3113 742 3171 tenet
764 3107 791 3192 j.
809 3108 832 3173 f.
850 3107 945 3171 min
971 3107 1224 3175 Ovnnnonosrn.
1271 3106 1344 3172 Non
1368 3111 1552 3193 respondet,
1566 3111 1644 3195 qnia
1671 3113 1768 3179 solvit
1797 3128 1800 3135 '

266 3195 343 3259 inde
358 3196 492 3259 domino
506 3195 575 3279 regi
591 3196 743 3259 decimas.

747 3432 967 3497 Hnrnnnnon
990 3452 1034 3497 nn
1057 3431 1291 3499 RYNGWOD.

310 3595 482 3747 Jogannpz
498 3595 605 3746 Papell
630 3598 724 3660 tenet
746 3596 879 3659 terciam
902 3598 1031 3679 partem
1046 3593 1069 3660 f.
1086 3615 1131 3660 m.
1148 3594 1183 3657 in
1199 3595 1367 3674 Pnrrrrorr,
1381 3598 1467 3680 quod
1483 3597 1647 3665 Johannes
1667 3600 1770 3667 Aeton

265 3705 353 3768 quon
377 3705 431 3747 am
484 3703 542 3746 nur
555 3725 568 3748 ι.

312 3822 494 3886 Wiilelmus
524 3821 668 3885 Botreux
696 3826 788 3885 tenet
816 3821 951 3886 terciam
975 3832 1102 3905 partem
1127 3820 1151 3886 f.
1178 3842 1223 3886 m.
1251 3822 1286 3884 in
1311 3823 1479 3903 Prasmon,
1501 3824 1588 3908 quod
1610 3824 1771 3893 Henrions

268 3909 416 3974 Peverell
430 3911 594 3993 quondam
609 3910 728 3974 tenuit.

308 4047 473 4113 Johannes
495 4046 644 4131 Neylond
667 4052 760 4111 tenet
783 4048 920 4112 terciam
943 4051 1069 4131 partem
1092 4045 1116 4111 f.
1133 4065 1179 4111 m.
1203 4045 1289 4130 quod
1313 4044 1481 4112 Johannes
1507 4047 1660 4134 Neyrond
1691 4049 1766 4134 (eia)

268 4136 433 4219 quondam
446 4137 559 4200 tenuit
572 4134 705 4199 ibidem.

757 4348 977 4413 Hnrnnnonn
999 4368 1043 4412 nn
1067 4346 1294 4413 REDBRUG.

312 4514 476 4577 Johannes
502 4512 619 4595 Roget,
630 4510 751 4594 junior,
767 4516 802 4574 et
825 4508 965 4573 Thomas
992 4508 1147 4593 Depdene
1172 4513 1288 4573 tonent
1312 4510 1357 4576 di.
1375 4510 1397 4576 f.
1415 4531 1460 4577 m.
1487 4514 1574 4595 quod
1597 4514 1773 4581 Nioholans

269 4601 433 4683 Depdene,
449 4599 612 4663 Walterns
627 4598 738 4677 Notis,
753 4602 788 4661 et
802 4596 959 4661 Ricardus
974 4596 1107 4679 Hanger
1121 4595 1285 4680 quondam
1301 4602 1477 4668 tenuenmt
1493 4600 1528 4663 in
1546 4601 1697 4669 Dnrnnrr.

685 4864 905 4930 Hnrnannnrr
929 4861 1110 4929 CHRISTI
1131 4861 1365 4929 ECCLESIE.

312 5030 470 5094 Robsrtus
485 5027 636 5114 Dyngley
650 5033 684 5091 et
699 5024 864 5091 Johannes
879 5025 968 5090 Lisle
982 5029 1096 5090 tenent
1112 5026 1158 5091 di.
1174 5023 1198 5091 f.
1215 5044 1260 5091 m.
1278 5025 1313 5088 in
1328 5025 1520 5094 Hoannom
1536 5032 1569 5093 et
1596 5030 1774 5113 Snrarnrx,

270 5119 357 5203 quod
373 5118 393 5181 J
395 5115 539 5180 ohannes
553 5114 738 5180 Tronohard
753 5113 916 5198 quondam
931 5114 1051 5178 tenuit.

313 5257 405 5320 Prior
419 5256 459 5320 de
473 5252 579 5318 Bathe
594 5258 685 5317 tenet
700 5254 744 5318 di.
761 5252 785 5317 f.
801 5254 837 5315 in
853 5253 1015 5319 Krnavarr
1032 5256 1066 5316 et
1083 5251 1227 5319 Lnrrorr.
1276 5251 1362 5334 (Non
1378 5252 1566 5337 respondet,
1581 5258 1658 5339 qnia
1677 5257 1775 5323 solvit

269 5345 345 5408 inde
362 5344 493 5408 domino
508 5344 577 5427 regi
593 5342 735 5406 decimas
751 5340 890 5418 εταειά).

311 5484 491 5568 Episcopus
517 5481 766 5547 sarisburiensis
792 5482 883 5546 tenet
906 5477 951 5543 di.
982 5478 1006 5543 f.
1034 5498 1078 5543 m.
1110 5478 1145 5541 in
1175 5478 1374 5547 Bsoonsnnr
1403 5481 1438 5543 et
1469 5478 1635 5547 sznror.
1686 5482 1771 5565 (Non

264 5573 452 5656 respondet,
469 5571 547 5657 quia
562 5572 661 5636 solvit
675 5568 752 5634 inde
767 5567 900 5632 domino
914 5567 986 5652 regi
1000 5566 1147 5631 decimas
1161 5564 1303 5647 erased).
