4117 6200
851 620 933 689 A.D.
959 625 1184 692 1346-1350.
1701 636 1764 701 163

309 809 454 873 Andreas
480 810 520 875 de
546 810 656 892 Butes,
673 808 826 893 uhivaler,
841 815 933 879 tenet
956 813 1002 883 di.
1018 812 1043 882 f.
1058 815 1094 880 in
1117 815 1241 900 eadem,
1255 819 1341 904 quod
1364 818 1520 888 Ricardua
1545 820 1586 889 da
1601 822 1762 891 Carneade

265 896 437 981 aliquando
452 899 573 963 tenuit.

263 1126 277 1184 t
306 1032 444 1185 Tqumaa
459 1034 584 1101 Giffard
602 1041 692 1102 tanat
708 1058 763 1106 un.
779 1037 803 1105 f.
821 1038 855 1103 in
871 1038 995 1119 eadem,
1010 1041 1097 1124 quod
1111 1040 1302 1128 Radulphua
1317 1044 1358 1111 de
1385 1045 1558 1132 Heagham
1585 1049 1759 1135 aliquando

279 1140 353 1186 enur
373 1173 381 1189 .

261 1234 490 1388 auMargrlmla
504 1236 699 1386 datSpayues
714 1242 804 1305 tenet
818 1244 967 1325 quartam
982 1245 1109 1325 partem
1123 1263 1178 1308 uu.
1192 1244 1215 1309 f.
1231 1245 1268 1307 in
1283 1245 1409 1325 eadem,
1423 1268 1522 1331 quam
1536 1248 1640 1315 Lucas
1654 1250 1758 1317 Morel

305 1344 390 1407 quan
414 1345 433 1387 o
463 1344 539 1388 enur
558 1375 567 1391 .

303 1458 467 1526 lohannes
492 1462 578 1527 filius
602 1462 768 1548 Radulphi
793 1468 883 1532 tenet
898 1466 990 1551 viijffl
1016 1472 1144 1553 partem
1161 1488 1215 1535 un.
1232 1468 1255 1535 f.
1271 1470 1306 1533 iu
1320 1471 1446 1551 eadam,
1460 1493 1558 1557 quam
1573 1473 1756 1541 Willelmus

260 1544 345 1612 filius
360 1548 524 1635 Radulphi
539 1551 712 1637 aliquando
727 1556 848 1621 tenuit.

302 1683 464 1763 Waltarua
478 1687 519 1752 da
534 1686 763 1775 Finuhingleld
785 1694 876 1754 tenet
898 1691 943 1756 di.
960 1688 983 1757 f.
999 1693 1033 1754 in
1061 1692 1185 1773 eadem,
1201 1692 1287 1778 quod
1314 1693 1478 1759 Gilbartua
1502 1696 1589 1761 filius
1613 1698 1755 1765 Galfridi

256 1770 428 1857 aliquando
442 1776 561 1843 tenuit.

300 1908 465 1975 Johauuea
490 1913 597 1977 Houel
620 1917 711 1979 tenet
737 1920 885 1999 quartam
908 1918 1034 2000 partem
1061 1914 1149 1980 feodi
1163 1916 1199 1979 in
1215 1916 1340 1995 eadam,
1354 1938 1451 2002 quam
1466 1918 1650 1985 willelmus
1664 1922 1753 1987 filius

257 1994 398 2063 Gallridi
413 2000 585 2085 aliquando
598 2003 717 2070 tenuit.

298 2132 463 2200 lohannes
478 2136 616 2221 Kampe,
632 2142 666 2203 et
682 2140 788 2226 Agnes
803 2158 882 2203 uxor
895 2139 977 2224 ejus,
991 2144 1104 2206 laneat
1118 2139 1164 2207 di.
1180 2140 1203 2206 l.
1229 2140 1263 2203 iu
1289 2140 1411 2221 eadem,
1436 2141 1522 2224 quod
1547 2141 1687 2208 Thomas
1710 2146 1752 2210 de

256 2219 342 2307 Ruly
356 2224 529 2308 aliquando
543 2227 663 2294 tenuit.

274 2362 583 2519 lmlasallilllrd
607 2372 700 2432 tenet
723 2369 872 2451 quartam
887 2368 1014 2451 partam
1029 2365 1117 2432 feodi
1131 2368 1166 2432 iu
1182 2368 1306 2449 eadem,
1322 2388 1421 2452 quam
1436 2365 1611 2435 Niuholaua
1624 2369 1752 2436 Peaeha

254 2470 384 2535 arquan
407 2474 427 2516 ο
474 2472 533 2517 aur
553 2504 561 2520 .

296 2586 507 2674 Reymuadus
533 2590 573 2655 de
599 2592 735 2657 Lincoln
757 2595 849 2657 tenet
868 2594 1015 2676 quartam
1038 2596 1164 2676 partem
1185 2612 1240 2657 un.
1258 2591 1281 2658 s.
1297 2594 1333 2656 ln
1347 2592 1471 2675 eadem,
1487 2612 1584 2678 quam
1601 2599 1750 2659 tenentes

254 2676 309 2759 qui
323 2676 458 2743 suerunt
472 2679 629 2743 Willelmi
643 2682 684 2746 de
698 2679 903 2765 Aumesbury
917 2679 1089 2765 aliquando
1105 2685 1291 2746 tenuerunt.

295 2812 459 2879 Johaaaea
472 2814 513 2879 de
529 2814 760 2881 Belenuombre
775 2819 867 2881 tenet
882 2816 975 2901 viijm
989 2822 1115 2902 partem
1132 2835 1189 2883 un.
1205 2816 1228 2881 f.
1244 2816 1278 2881 iu
1295 2816 1418 2883 eadem.

251 3041 265 3101 t
294 2950 454 3104 quertus
478 2953 518 3017 de
540 2952 606 3038 Rys
629 2958 720 3019 tenet
743 2952 837 3038 viij*
860 2959 986 3039 partem
1009 2974 1067 3023 uu.
1091 2952 1116 3022 f.
1143 2974 1241 3039 quam
1265 2951 1382 3018 Petrua
1411 2953 1443 3017 le
1465 2951 1553 3019 (look
1573 2953 1748 3039 aliquando

266 3058 340 3103 enur
359 3090 367 3108 .

292 3174 443 3240 Warinua
457 3176 597 3256 ltuaael,
611 3177 719 3256 miles,
733 3181 826 3244 tenet
840 3183 989 3264 quartam
1005 3185 1132 3264 partem
1147 3177 1234 3244 feodi
1254 3179 1291 3242 in
1313 3178 1439 3257 eadem,
1453 3197 1552 3262 quam
1573 3177 1684 3266 Draga
1706 3181 1745 3246 de

251 3261 416 3350 Barentyu
429 3264 602 3352 aliquando
617 3267 734 3332 tenuit.

291 3397 576 3552 Siqroquaqnmd
591 3405 683 3466 tenet
697 3399 791 3484 viij*
804 3405 933 3485 partem
962 3419 1017 3464 ua.
1032 3398 1056 3466 f.
1070 3400 1106 3463 in
1127 3398 1250 3477 eadem,
1271 3418 1370 3481 quam
1390 3397 1574 3462 willelmus
1594 3396 1661 3483 Rya
1683 3398 1744 3463 ali·

248 3507 332 3570 quan
355 3509 375 3552 o
424 3507 509 3558 um.

290 3621 472 3689 Willelmua
487 3623 528 3689 de
544 3622 732 3689 Shaldeford
747 3628 840 3689 tenet
854 3623 948 3709 viij*
963 3627 1090 3709 partam
1105 3623 1130 3687 f.
1144 3624 1179 3688 ia
1194 3621 1320 3703 adem,
1335 3622 1468 3687 nomina
1482 3619 1586 3686 warda
1600 3619 1742 3686 Gilbarti

246 3708 286 3774 da
300 3710 452 3790 Galbam,
468 3731 563 3794 quam
578 3711 746 3777 Gilbertua
760 3713 799 3776 de
814 3711 955 3777 Galbam
969 3710 1144 3797 aliquando
1157 3711 1278 3776 tenuit.

287 3845 450 3912 lohannes
474 3847 581 3913 Grene
604 3853 698 3914 tanet
723 3848 816 3932 viijffl
839 3853 964 3934 partam
989 3869 1046 3917 un.
1070 3848 1095 3915 l.
1111 3847 1146 3910 in
1171 3847 1284 3912 eadem
1306 3865 1403 3931 quam
1419 3842 1581 3924 Johaana,
1597 3863 1660 3929 que
1675 3841 1741 3910 fuit

246 3955 323 3998 uxor
336 3934 495 4001 willelmi
509 3934 664 4016 Walram,
678 3936 852 4020 aliquando
866 3937 985 4001 tenuit.

287 4073 446 4138 Robertua
474 4072 543 4159 Rya
574 4072 681 4162 [heroa
709 4073 866 4138 Willelmi
898 4070 1112 4160 Groahernan]
1141 4076 1235 4137 tenet
1264 4091 1321 4139 un.
1352 4071 1376 4134 f.
1405 4071 1441 4133 in
1471 4068 1738 4148 chumuraaa,

244 4165 393 4226 vocatum
407 4160 633 4242 Wouuflmlu
647 4163 732 4248 quod
747 4160 911 4226 Johaunea
925 4159 1083 4246 Eugayne
1096 4159 1269 4244 aliquando
1284 4158 1402 4223 tenuit.

285 4297 450 4364 lohannes
479 4299 660 4385 Tippetolt‚
686 4299 791 4379 mileu,
820 4300 911 4361 tanet
939 4297 986 4366 di.
1016 4295 1041 4364 f.
1069 4296 1105 4359 ia
1134 4298 1347 4374 Bauaarana,
1377 4292 1463 4380 quod
1491 4291 1676 4356 Willalmua
1705 4292 1737 4356 le

243 4384 472 4471 Chamberleyn
486 4387 658 4473 aliquando
672 4387 793 4452 tenuit.

283 4519 442 4586 Robertua
466 4521 507 4586 de
531 4521 629 4606 Ruyli
652 4524 745 4586 tenet
768 4523 915 4606 quartam
942 4523 1068 4602 partem
1092 4515 1178 4582 feodi
1202 4516 1238 4580 in
1263 4514 1389 4594 eadam,
1404 4532 1504 4597 quam
1524 4510 1682 4576 Ricardua
1696 4512 1736 4578 da

240 4605 335 4691 Ruyli
351 4607 523 4694 allquaudo
538 4609 657 4673 tenuit.

281 4741 446 4810 lohannes
459 4744 639 4829 ltppetoft,
653 4745 760 4825 mileu,
769 4749 858 4810 tanet
872 4746 1022 4830 quartam
1037 4746 1162 4828 partam
1177 4740 1262 4807 feodi
1276 4740 1313 4805 ia
1327 4739 1453 4816 eadem,
1462 4757 1559 4822 quam
1575 4735 1735 4801 Robertua

163 4913 165 4918 Ι
238 4829 278 4892 de
293 4831 449 4919 Mauteby
463 4831 637 4918 aliquando
651 4833 771 4901 tonuit.

236 4966 469 5123 firfflssssuzltlutfl
495 4968 711 5122 dthendisrh
732 4973 823 5036 tanet
844 4973 994 5055 quartam
1008 4972 1135 5054 partam
1149 4965 1234 5032 feodi
1247 4965 1284 5029 in
1298 4963 1421 5045 eadem,
1436 4981 1534 5050 quam
1548 4960 1735 5026 Willelmua

272 5076 322 5119 rus
364 5078 382 5122 e
399 5079 428 5122 n
460 5077 536 5123 earu
554 5104 563 5122 .

277 5191 417 5260 Thomas
431 5195 471 5260 de
485 5195 591 5282 ayne,
604 5196 712 5275 milas,
726 5201 814 5262 tanat
829 5201 978 5280 quartam
994 5199 1121 5281 partem
1135 5192 1223 5260 feodi
1236 5192 1271 5256 in
1295 5188 1420 5271 eadem,
1436 5208 1535 5272 quam
1559 5186 1664 5252 Adam
1690 5185 1731 5249 da

235 5273 430 5348 Neweuham
449 5286 575 5364 (reclina
590 5283 777 5366 Newenlon)
795 5285 969 5371 aliquando
982 5283 1100 5348 tenuit

233 5417 715 5579 aulmlnead⁰21⁰y⁸m⁰l
730 5423 823 5512 viij·'l
837 5427 965 5510 partem
987 5420 1076 5486 feodi
1097 5422 1133 5484 in
1158 5418 1285 5499 eadem,
1310 5434 1408 5504 quam
1435 5413 1543 5498 Agnes
1567 5408 1609 5472 de
1633 5404 1731 5490 Bloya

277 5527 360 5594 quan
384 5527 404 5571 o
454 5526 512 5574 nur
