4117 6200
908 624 990 692 AJ).
1016 627 1111 692 1431.
1688 621 1751 687 869

299 906 482 973 willelmus
498 909 630 990 Blower,
639 910 763 994 junior,
780 915 814 975 et
840 912 1022 978 Willelmus
1050 913 1182 992 Blower,
1208 914 1325 993 senior,
1350 912 1455 976 seisiti
1479 909 1622 988 luerunt,
1648 913 1687 972 nt
1712 908 1751 971 de

255 993 361 1147 linqquq
376 1002 578 1077 tenemento,
594 998 682 1063 dicto
705 998 757 1062 die
772 999 916 1081 Veneris,
933 1001 973 1064 de
988 999 1205 1086 111J“partej,
1221 1001 1246 1067 f,
1262 1021 1307 1066 m,
1323 999 1647 1075 inNomw01m‚in
1663 995 1751 1060 dicta

299 1219 490 1305 Sepedictus
515 1222 679 1288 Johannes
702 1223 823 1288 Rouole
850 1225 980 1289 seisitus
1006 1225 1086 1302 luit,
1110 1231 1148 1288 nt
1171 1225 1212 1289 de
1235 1223 1336 1288 libero
1359 1226 1554 1302 tenemento,
1580 1222 1669 1286 dicto
1699 1217 1752 1285 die

256 1307 401 1387 Veneria,
416 1310 456 1374 de
471 1311 517 1376 di.
534 1317 567 1375 et
583 1311 654 1396 viij·
668 1315 760 1394 parta
770 1311 799 1394 j.
816 1312 840 1378 f.
858 1333 902 1378 m.
917 1313 953 1376 in
969 1313 1098 1392 Baorrn,
1113 1314 1147 1376 in
1162 1311 1270 1376 insula
1285 1312 1441 1396 predicta.

302 1445 399 1509 Idem
424 1447 446 1511 J
447 1447 586 1512 ohannes
609 1447 729 1512 Roucle
754 1450 884 1513 seisitna
909 1450 983 1530 fuit,
997 1454 1036 1513 ut
1052 1450 1093 1514 de
1108 1450 1208 1514 libero
1223 1452 1419 1529 tenemento,
1434 1447 1523 1512 dioto
1537 1447 1589 1510 die
1606 1443 1752 1521 Venerin,

257 1534 298 1599 de
315 1534 401 1619 viij'·
415 1541 507 1618 parte
517 1535 545 1620 j.
562 1535 585 1601 t.
600 1538 636 1600 in
651 1537 883 1617 Ausrnnoaun,
898 1538 933 1600 in
948 1537 1054 1602 insula
1068 1537 1226 1622 predicta.

301 1668 323 1733 J
324 1669 466 1734 ohannes
480 1670 600 1735 Roucle
615 1677 650 1735 et
664 1673 742 1736 socii
758 1674 819 1750 sui,
834 1672 960 1737 ieoffati
977 1673 1113 1739 Walteri
1127 1674 1225 1754 Veer,
1240 1673 1344 1738 seisiti
1365 1673 1510 1750 fuerunt,
1524 1676 1564 1735 ut
1585 1671 1626 1734 de
1648 1669 1751 1734 libero

258 1761 452 1838 tenemento,
467 1758 556 1824 dioto
570 1759 622 1824 die
636 1759 782 1840 Veneris,
797 1760 837 1824 de
851 1760 935 1844 viij'·
950 1766 1041 1845 parte
1050 1762 1079 1846 j.
1096 1763 1120 1828 i.
1135 1762 1170 1825 in
1187 1762 1429 1840 Honrucroan,
1443 1761 1480 1823 in
1493 1760 1583 1823 dicta
1596 1757 1713 1824 insula.

302 1892 440 1958 Thomas
453 1894 534 1979 Lyle
549 1895 677 1960 seisitus
691 1896 766 1976 fuit,
782 1901 821 1960 ut
836 1897 876 1961 de
891 1897 991 1962 libero
1007 1901 1205 1978 tenemento,
1219 1899 1309 1962 dicto
1323 1898 1375 1962 die
1389 1897 1536 1976 Veneris,
1549 1895 1590 1961 de
1613 1899 1649 1957 x·
1662 1897 1752 1980 parte

254 1979 283 2065 j.
299 1979 322 2046 f.
338 1982 374 2045 in
390 1982 678 2063 Ronmanorum
694 1984 782 2048 dicta
798 1985 914 2051 insula.

301 2117 457 2184 Ricardns
472 2119 606 2204 Nevyle,
620 2140 726 2185 eomes
742 2120 931 2200 Sarisburie,
946 2123 1076 2187 seisitus
1091 2123 1165 2201 init,
1182 2126 1221 2187 nt
1242 2123 1284 2187 de
1308 2122 1409 2187 libero
1432 2124 1634 2200 tenemento,
1663 2119 1751 2183 dicto

259 2205 312 2270 die
325 2205 470 2286 Venerin,
485 2207 524 2272 de
539 2207 616 2292 iiij‘·
628 2214 720 2292 parte
729 2209 757 2293 j.
776 2210 800 2275 f.
816 2231 861 2276 m.
877 2210 1153 2290 Wnnnruownnn,
1171 2211 1206 2273 in
1221 2211 1310 2274 dicta
1322 2210 1438 2276 insula.

302 2342 417 2408 Dictus
438 2344 595 2409 Ricardns
618 2345 754 2430 Nevyle‚
769 2367 873 2412 comes
889 2344 1081 2427 Sarisburie,
1096 2348 1224 2412 seiaitns
1238 2348 1314 2426 init,
1330 2352 1369 2411 nt
1383 2348 1422 2412 de
1441 2347 1542 2411 libero
1556 2347 1751 2423 tenemento,

260 2431 348 2495 dioto
362 2431 415 2494 die
429 2431 572 2511 Veneris,
587 2434 626 2497 de
642 2436 783 2498 manerio
797 2434 838 2498 de
855 2435 1073 2502 Swarunsrou
1089 2440 1124 2499 et
1137 2435 1332 2501 Buronsron
1348 2434 1486 2499 indicta
1510 2433 1629 2513 insula,
1645 2438 1685 2495 ut
1710 2432 1752 2495 de

254 2519 329 2603 jure
345 2519 447 2584 Alicie
462 2521 568 2584 uxoris
583 2541 651 2598 sue,
662 2542 725 2605 qne
740 2527 893 2586 tenentur
907 2523 947 2586 de
962 2522 1094 2587 domino
1110 2543 1197 2608 rege,
1206 2528 1256 2586 set
1270 2543 1403 2606 perque
1418 2522 1552 2585 servicia
1566 2521 1606 2583 ad
1623 2539 1752 2604 presens

259 2606 389 2690 penitus
403 2607 563 2692 ignorant.
607 2609 652 2672 Et
666 2609 782 2673 dicunt
796 2611 933 2694 predicti
944 2609 1061 2694 jurati,
1075 2612 1104 2674 ai
1119 2611 1231 2674 eadem
1246 2611 1392 2674 maneria
1406 2615 1577 2673 teneantur
1598 2607 1639 2670 de
1661 2606 1751 2669 dioto

259 2693 390 2758 domino
404 2715 480 2779 rege
496 2717 553 2779 per
566 2695 695 2780 aliquod
709 2697 799 2761 aliud
814 2698 987 2761 servicium
1002 2718 1101 2781 quam
1115 2719 1171 2782 per
1186 2698 1359 2762 servicium
1373 2696 1529 2774 militare,
1537 2694 1623 2779 quod
1639 2693 1750 2758 eadem

260 2781 405 2932 ilrirpneria
427 2781 538 2848 valent
562 2805 619 2867 per
642 2804 764 2849 annum
788 2786 875 2850 ultra
899 2787 1035 2869 reprisas
1058 2785 1269 2849 rationabiles
1294 2789 1330 2849 et
1353 2785 1558 2863 necessarias,
1584 2782 1753 2864 sexaginta

309 2889 369 2934 ras.

304 3004 470 3072 Johannes
485 3006 642 3092 Compton
656 3009 696 3073 de
711 3006 871 3074 Oherham
886 3011 921 3073 in
935 3009 1095 3075 comitatu
1111 3009 1221 3087 Surre,
1242 3029 1372 3093 yoman,
1393 3008 1522 3072 seiaitns
1548 3007 1625 3084 fuit,
1649 3010 1688 3069 nt
1713 3006 1755 3069 de

260 3093 571 3265 lprpeeppcppnemenw,
585 3098 674 3161 dicto
688 3098 742 3162 die
758 3098 893 3162 Veneris
907 3098 947 3161 de
961 3103 1015 3162 1¹²¹·
1029 3102 1121 3183 parte
1136 3118 1192 3163 un.
1209 3098 1233 3163 f.
1249 3099 1340 3163 min
1357 3096 1585 3174 Cransnnour,
1599 3096 1635 3159 in
1650 3092 1755 3158 insula

303 3319 348 3383 Et
376 3320 490 3385 dicunt
519 3320 656 3385 ulterius
683 3319 843 3404 juratores
872 3320 1021 3404 predicti,
1050 3318 1135 3402 quod
1164 3337 1277 3382 omnes
1305 3337 1440 3401 persone
1473 3316 1670 3401 supradicte,
1700 3315 1754 3378 die

259 3405 396 3472 Veneris
410 3408 555 3492 proximo
569 3412 645 3471 ante
660 3408 779 3472 festum
796 3407 907 3471 Sancti
922 3407 1067 3483 Hillarii,
1080 3425 1166 3471 anno
1180 3406 1271 3492 regni
1298 3406 1382 3470 dicti
1409 3404 1535 3469 domini
1559 3406 1644 3488 regis
1666 3422 1754 3467 nunc

259 3513 354 3574 nono,
371 3495 522 3559 videlicet
548 3498 652 3580 primo
677 3496 730 3559 die
754 3496 868 3560 ultimi
892 3494 1111 3580 parliamenti,
1126 3495 1231 3558 seisiti
1255 3493 1391 3557 fuerunt
1415 3493 1456 3556 de
1476 3493 1574 3556 dictis
1589 3492 1754 3570 maneriis,

260 3584 368 3662 terris,
381 3586 580 3649 tenementis
594 3594 628 3651 et
644 3582 833 3664 redditibus,
850 3585 883 3647 in
898 3583 1061 3647 dominico
1076 3603 1145 3660 suo,
1160 3586 1200 3646 nt
1215 3579 1255 3644 de
1270 3582 1372 3645 libero
1386 3584 1585 3646 tenemento.

306 3721 346 3784 In
372 3721 463 3806 cujus
486 3723 533 3787 rei
557 3724 782 3787 testimonium
797 3726 867 3785 tarn
892 3721 1033 3809 predicti
1055 3720 1289 3785 comissionnrii
1314 3739 1413 3805 quam
1438 3719 1577 3803 predicti
1595 3718 1757 3802 juratores

258 3808 335 3873 huic
350 3810 556 3893 inquisicioni
572 3811 681 3895 sigilla
695 3832 753 3875 sua
766 3814 995 3894 apposuerunt.
1041 3809 1164 3874 Datum
1179 3807 1260 3885 loco,
1274 3808 1329 3871 die
1344 3812 1379 3871 et
1394 3827 1479 3870 anno
1495 3806 1699 3891 supradictis.

750 4002 880 4009 ....-...-
915 4002 932 4007 .-
948 4001 1044 4006 ..-...-.
1069 3995 1275 4005 -μ-η--ά-

307 4116 483 4200 inquisicio
498 4119 596 4199 capta
609 4114 697 4198 apud
712 4114 938 4198 Wyntoninm,
952 4113 1007 4177 die
1022 4113 1176 4179 Mercurii
1191 4110 1337 4196 proximo
1350 4112 1426 4192 post
1439 4109 1560 4173 ieatum
1575 4107 1759 4191 Epiphanie

263 4203 406 4281 Domini,
423 4222 508 4266 anno
523 4204 615 4288 regni
635 4202 721 4285 regis
736 4201 873 4264 Henrici
887 4202 970 4265 aexti
983 4205 1057 4284 post
1080 4203 1293 4283 conquestum
1319 4197 1454 4275 decimo,
1478 4216 1585 4260 coram
1608 4193 1758 4259 Johanne

264 4290 420 4367 Uvadale,
446 4288 611 4353 Willelmo
636 4287 765 4367 Brocas,
790 4288 932 4352 Roberto
945 4287 1107 4372 Dyngley,
1131 4285 1280 4350 Johanne
1306 4282 1420 4363 Rokle,
1446 4289 1479 4348 et
1506 4282 1650 4347 Waltero
1664 4281 1756 4361 Veer,

262 4378 446 4440 vicecomiti
471 4375 712 4458 Suthampton’,
726 4376 849 4439 virtute
875 4376 1087 4459 quarumdam
1112 4372 1299 4437 litterarum
1321 4370 1445 4434 domini
1470 4371 1554 4455 regia
1569 4370 1758 4453 patencium

265 4464 387 4527 eisdem
423 4464 706 4527 commissionariis
741 4463 933 4526 directuram
978 4467 1012 4525 et
1058 4461 1136 4525 huic
1181 4458 1387 4543 inquisicioni
1434 4460 1652 4536 consutorum,
1701 4477 1758 4539 per

263 4555 502 4615 sacramentum
517 4550 649 4614 Ricardi
663 4548 890 4628 Punchardon‚
906 4550 1036 4613 Ricardi
1051 4547 1182 4627 Parlrer,
1198 4546 1357 4608 Willelmi
1372 4546 1475 4629 Payn,
1490 4545 1511 4608 J
1512 4543 1649 4607 ohannis
1665 4543 1759 4627 Bray,

264 4638 389 4701 Andree
404 4636 553 4717 Estfield,
569 4637 728 4702 Johannis
743 4637 903 4723 Pykman,
918 4637 1078 4701 Willelmi
1102 4634 1212 4720 Glyve,
1239 4634 1363 4697 Thome
1388 4632 1573 4711 Harleston,
1601 4631 1760 4696 Johannis

264 4725 434 4810 Skyllyng,
451 4723 610 4791 Johannis
626 4726 822 4811 Langryssh,
835 4730 871 4789 et
883 4721 1042 4789 Willelmi
1053 4722 1268 4808 Tystede,qui
1283 4721 1399 4784 dicunt
1414 4741 1509 4804 super
1524 4722 1762 4783 sacramentum

266 4834 361 4877 snum
377 4814 526 4898 quod:—

709 4948 944 5037 [Huunnnnnn
968 4971 1011 5017 nn
1036 4942 1336 5031 utendarum]

307 5091 413 5155 Abbas
427 5089 468 5154 de
484 5087 659 5175 Tychefeld
674 5094 766 5155 tenet
781 5092 817 5154 in
834 5091 1035 5158 Tncnnrnnn
1050 5092 1200 5173 quartam
1215 5090 1340 5170 partem
1354 5104 1411 5147 un.
1426 5082 1450 5148 i.
1467 5102 1511 5147 m.

308 5230 491 5314 Margareta
504 5226 621 5313 Wayte
634 5230 676 5293 de
690 5227 877 5312 Tycheield,
895 5230 1042 5308 nodewe,
1062 5230 1156 5293 tenet
1177 5227 1212 5289 in
1244 5225 1520 5294 Sunornawoarn
1541 5221 1576 5284 in
1605 5222 1764 5285 comitatu

266 5316 496 5402 Suthampton’
511 5324 661 5400 quartam
676 5322 800 5403 partem
817 5338 873 5383 un.
890 5318 913 5381 l.
929 5338 973 5382 m.

306 5456 471 5522 Johannes
497 5455 641 5521 Uvedale
667 5455 708 5521 da
722 5454 912 5539 Wylreham,
936 5458 971 5521 in
997 5455 1158 5521 comitatu
1185 5449 1427 5534 Suthampton'‚
1453 5466 1582 5531 sqnyer,
1608 5449 1703 5510 tenet
1729 5445 1765 5508 in

267 5546 436 5628 Foursnn,
452 5544 489 5607 in
503 5544 668 5609 hundredo
683 5542 722 5608 de
736 5542 923 5629 Tycheield,
938 5550 1088 5629 quartam
1103 5546 1232 5627 partem
1247 5558 1302 5604 un.
1319 5539 1344 5604 t.
1359 5557 1404 5602 m.

366 5678 446 5731 leaeo
1535 5659 1543 5673 '
1625 5664 1672 5715 Η
