4117 6200
907 595 988 665 Ab.
1014 597 1110 663 1428.
1707 600 1764 668 191

304 888 447 954 Ecclesia
462 888 502 951 de
518 889 639 956 bisons
655 889 843 955 Bnounsusr
858 890 989 953 taxatur
1003 887 1046 954 ab
1060 888 1195 974 antiquo
1211 910 1263 955 xv.
1281 908 1414 956 marcas.
1460 889 1661 971 Subsidium,
1672 913 1722 958 xx.
1736 915 1763 958 r.

306 1028 451 1093 Ecclesia
465 1028 505 1091 de
520 1029 629 1095 Pssvs
644 1029 831 1095 Bsonnsoa
846 1034 977 1091 taxatur
990 1027 1033 1091 ab
1047 1028 1181 1111 antiquo
1197 1050 1224 1093 c.
1242 1048 1268 1093 s.
1315 1026 1513 1107 Subsidium,
1532 1029 1573 1114 vj.
1590 1053 1616 1095 s.
1642 1030 1709 1115 viij.
1727 1028 1763 1095 d.

307 1166 449 1230 Ecclesia
463 1166 503 1229 de
519 1165 640 1232 Misus
655 1166 797 1231 Honsnn
812 1171 939 1228 taxatur
958 1165 998 1228 ab
1013 1166 1147 1249 antiquo
1162 1187 1213 1231 xv.
1230 1185 1363 1230 marcas.
1410 1164 1608 1246 Subsidium,
1625 1188 1676 1232 xx.
1694 1190 1719 1233 s.

306 1304 451 1368 Ecclesia
465 1303 507 1367 de
523 1304 619 1369 Mosa
635 1308 766 1367 taxatur
782 1303 823 1367 ab
838 1304 972 1387 antiquo
988 1302 1031 1387 vj.
1049 1322 1180 1368 marcas.
1227 1302 1427 1383 Subsidium,
1446 1304 1488 1388 vj.
1502 1327 1528 1368 s.
1546 1303 1615 1388 viij.
1630 1302 1663 1371 ti.

308 1443 358 1507 De
373 1443 482 1526 aliquo
497 1442 639 1507 subsidio
654 1444 861 1527 proveniente
877 1441 917 1504 de
932 1442 1071 1526 quadarn
1087 1443 1234 1526 porcione
1249 1441 1299 1526 iij.
1317 1465 1343 1507 s.
1372 1440 1414 1526 vj.
1432 1442 1465 1508 d.
1493 1464 1590 1527 quarn
1614 1444 1699 1527 prior
1725 1445 1765 1508 de

266 1531 462 1615 Horlresleye
487 1533 625 1615 percipit
653 1532 689 1594 in
712 1530 824 1594 eadem
848 1530 984 1593 ecclesia
1007 1550 1072 1593 non
1097 1531 1299 1613 respondent,
1331 1551 1369 1594 eo
1399 1530 1484 1615 quod
1514 1536 1590 1593 taxa
1619 1531 1765 1614 ejusdem

266 1620 410 1697 ecclesie,
423 1640 497 1682 cum
512 1620 600 1682 dicta
615 1620 773 1703 porcione,
791 1638 854 1682 non
870 1617 1017 1681 extendit
1032 1618 1073 1681 ad
1089 1638 1250 1682 summam
1266 1638 1296 1683 x.
1314 1638 1503 1683 marcarum.

291 1757 452 1908 ”Ecgesia
476 1756 519 1819 de
543 1756 741 1822 Lsunsroan
766 1761 898 1820 taxatur
920 1755 961 1818 ab
987 1756 1123 1839 antiquo
1149 1756 1193 1839 xj.
1220 1775 1353 1822 marcas.
1412 1754 1613 1834 Subsidium,
1637 1756 1720 1844 xiiij.
1737 1780 1763 1826 s.

269 1867 337 1911 vu.
380 1894 388 1909 .

310 1866 455 2022 JEcclesia
469 1956 508 2019 de
523 1956 687 2021 Bssronnu
703 1960 835 2019 taxatur
850 1955 1039 2040 abantiquo
1055 1954 1111 2040 vij.
1129 1975 1261 2019 marcas.
1309 1952 1506 2034 Subsidium,
1520 1955 1564 2040 vj.
1578 1979 1604 2021 s.
1621 1954 1690 2042 viij.
1704 1958 1736 2021 cl.

273 2095 454 2246 chplcsia
480 2094 520 2158 de
546 2094 832 2160 Basonrurnossr
854 2098 984 2157 taxatur
999 2092 1040 2156 ab
1055 2094 1190 2176 antiquo
1206 2113 1237 2158 x.
1253 2112 1386 2157 marcas.
1432 2090 1633 2175 Subsidium,
1650 2093 1720 2179 xiij.
1737 2118 1764 2162 s.

271 2205 331 2247 nr.
374 2232 383 2249 .

303 2205 357 2359 JEt
381 2299 555 2360 onerantur
579 2314 673 2377 super
697 2298 885 2377 compotum
908 2293 949 2357 de
971 2293 1034 2378 iiij.
1051 2316 1077 2359 s.
1093 2293 1135 2358 de
1161 2292 1304 2358 subsidio
1320 2290 1489 2378 cujusdam
1504 2294 1662 2376 porcionis
1676 2294 1720 2361 xl.
1738 2318 1763 2363 s.

270 2377 744 2534 ssffissfflssffcffoloest'ffie]
780 2382 916 2467 percipit
951 2383 985 2443 in
1016 2382 1129 2445 eodem
1158 2380 1300 2459 ecclesia,
1330 2380 1481 2445 videlicet
1506 2382 1603 2466 juxta
1632 2382 1767 2449 tonnam

315 2606 458 2671 Ecclesia
481 2606 520 2670 de
547 2607 703 2672 Fssruno
728 2611 857 2669 taxatur
881 2604 921 2667 de
948 2625 1030 2669 novo
1053 2626 1104 2669 xx.
1121 2626 1147 2670 s.
1201 2602 1323 2683 Nichil,
1353 2604 1429 2689 quia
1458 2624 1521 2669 non
1553 2610 1629 2670 sunt
1658 2606 1769 2673 decem

273 2714 405 2779 persone
419 2690 650 2774 inhdritantes,
666 2699 762 2777 prout
777 2697 870 2776 patet
885 2713 942 2776 per
956 2693 1203 2777 inquisicionem
1218 2692 1410 2777 predictam.

315 2832 460 2897 Ecclesia
474 2831 514 2897 ds
528 2831 650 2897 Misus
664 2830 870 2897 Bunrnnnon
882 2836 1012 2896 taxatur
1027 2831 1068 2896 ab
1082 2832 1217 2915 antiquo
1231 2852 1284 2896 xv.
1297 2850 1429 2897 marcas.
1462 2829 1664 2913 Subsidium,
1679 2854 1730 2899 xx.
1742 2856 1768 2902 s.

315 2968 458 3034 Ecclesia
473 2969 514 3032 de
529 2969 637 3035 Psnvs
651 2969 856 3035 Bnnrnnuun
872 2972 1002 3033 taxatur
1016 2968 1057 3031 ab
1072 2970 1206 3053 antiquo
1221 2990 1248 3033 c.
1265 2992 1292 3034 s.
1335 2966 1534 3051 Subsidium,
1551 2970 1595 3055 vj.
1608 2992 1635 3037 s.
1652 2970 1721 3055 viij.
1735 2968 1768 3035 d.

298 3108 460 3212 ”Ecclesia
484 3109 526 3174 de
552 3108 792 3176 Dorsacoortrs
816 3112 948 3174 taxatur
970 3109 1010 3172 ab
1025 3108 1159 3193 antiquo
1174 3128 1226 3175 xx.
1243 3126 1377 3176 marcas.
1423 3107 1624 3191 Subsidium,
1641 3108 1725 3195 xxvj.
1742 3132 1769 3174 s.

275 3217 319 3260 vn
336 3246 344 3264 .
361 3209 396 3265 ι’,

316 3219 461 3376 Ecclesia
474 3309 516 3374 de
530 3309 683 3378 Wrnnon
697 3313 828 3374 taxatur
842 3308 883 3374 de
898 3330 980 3374 novo
995 3331 1026 3377 v.
1044 3328 1178 3376 marcas.
1224 3306 1425 3386 Subsidium,
1440 3306 1482 3393 vj.
1496 3331 1521 3375 s.
1539 3309 1608 3395 viij.
1620 3309 1654 3378 d.

318 3449 461 3515 Ecclesia
476 3449 516 3513 dc
527 3448 706 3515 Ennssrsn
722 3453 852 3512 taxatur
865 3448 1052 3534 abantiquo
1064 3448 1134 3533 xiij.
1147 3467 1279 3517 marcas.
1326 3446 1523 3528 Subsidium,
1533 3448 1610 3534 xvij.
1621 3471 1647 3515 s.
1663 3449 1725 3532 iiij.
1737 3448 1770 3515 d.

319 3587 363 3650 Et
387 3591 560 3651 onerantur
583 3607 677 3671 super
699 3592 885 3670 compotum
911 3586 951 3650 de
975 3587 1045 3671 viij.
1069 3583 1102 3652 d.
1119 3587 1158 3651 de
1174 3587 1316 3652 subsidio
1331 3587 1496 3672 cujusdam
1513 3589 1670 3672 porcionis
1686 3587 1729 3672 vj.
1747 3611 1772 3653 s.

277 3675 344 3758 viij.
361 3673 395 3741 d.
422 3695 519 3759 quam
553 3674 651 3738 abbas
675 3673 792 3738 Sancte
818 3675 932 3739 Osithe
955 3675 1094 3760 percipit
1124 3675 1157 3737 in
1188 3675 1301 3739 eadem
1332 3675 1475 3754 ecclesis,
1502 3675 1653 3739 videlicet
1678 3675 1775 3761 juxta

278 3760 412 3826 formam
427 3763 649 3841 concessionis,
665 3760 724 3831 dc.

321 3900 367 3965 Et
391 3905 564 3964 onerantur
589 3921 683 3985 super
707 3903 892 3984 compotum
918 3900 957 3964 de
979 3900 1024 3984 xj.
1043 3897 1076 3965 d.
1093 3901 1143 3967 ob.
1160 3908 1193 3984 q·
1208 3901 1248 3965 de
1272 3902 1413 3965 subsidio
1429 3902 1565 3965 duarum
1582 3902 1776 3986 pensionum

279 3989 322 4055 ix.
338 4012 365 4054 s.
382 3988 454 4072 viij.
472 3986 506 4054 d.
524 4008 603 4072 quas
618 3988 716 4052 abbas
732 3989 773 4052 de
798 3986 1019 4073 Colchestr[e]
1043 3995 1076 4051 et
1101 3990 1185 4072 prior
1210 3989 1321 4052 Sancti
1346 3989 1510 4072 Botolphi,
1537 3987 1778 4076 Colohestr[e],

279 4077 461 4160 percipiunt
478 4077 653 4160 separatim
668 4076 703 4138 in
718 4076 830 4140 eadem
846 4075 990 4155 ecclesia,
1009 4076 1162 4139 videlicet
1173 4076 1269 4161 juxta
1284 4077 1431 4156 formam,
1448 4075 1505 4142 oc.

303 4212 519 4363 .E⁰⁰¹i.⁸.i³dd⁰
535 4213 740 4284 Mrsruuuon
755 4217 789 4278 et
806 4213 968 4278 Minurus
983 4217 1115 4278 taxatur
1130 4213 1320 4297 abantiquo
1340 4215 1382 4279 ix.
1400 4234 1532 4279 marcas.
1578 4213 1777 4294 Subsidium,

283 4321 324 4383 vl.
337 4325 363 4367 s.
381 4322 450 4385 πῃ.
490 4349 498 4364 .

301 4423 305 4432 ’
324 4438 374 4502 De
389 4438 496 4522 aliquo
510 4437 653 4502 subsidio
668 4438 839 4522 cujusdam
853 4439 1015 4522 porcionis
1029 4459 1062 4504 x.
1079 4461 1104 4503 a.
1122 4457 1220 4522 quam
1236 4437 1334 4502 sbbss
1348 4437 1390 4502 de
1405 4436 1621 4526 Colchestr[s]
1641 4439 1780 4523 percipit

282 4527 316 4589 in
337 4525 449 4589 eadem
469 4525 605 4588 ecclesia
626 4545 690 4588 non
711 4525 916 4610 respondent,
938 4546 976 4590 eo
998 4524 1084 4611 quod
1108 4530 1181 4589 taxa
1205 4525 1351 4610 ejusdem
1374 4525 1506 4590 ecclesie
1529 4547 1605 4592 cum
1631 4529 1782 4612 porcione

283 4612 437 4697 predicta,
452 4630 515 4676 non
531 4613 678 4676 extendit
692 4613 732 4676 ad
748 4635 778 4677 x.
794 4633 927 4679 marcas.

325 4743 468 4809 Ecclesia
481 4745 522 4810 de
537 4746 714 4812 'Enosrron
730 4749 859 4812 taxatur
874 4747 915 4812 de
929 4767 1013 4811 novo
1027 4746 1072 4830 vj.
1088 4765 1225 4811 marcas.
1270 4745 1469 4824 Subsidium,
1483 4747 1527 4832 vj.
1540 4770 1566 4813 s.
1591 4748 1646 4832 viij
1662 4747 1694 4813 d.

651 4879 827 4946 Pensiones
958 4917 974 4929 -
1104 4881 1139 4965 ij.
1155 4904 1181 4946 s.
1199 4879 1243 4965 xj.
1258 4879 1292 4944 d.
1307 4879 1358 4945 ob.
1374 4887 1420 4966 q'.

531 5013 535 5020 '
652 5015 825 5081 Porciones
956 5053 972 5064 -
1104 5017 1204 5101 iiij.a.
1227 5014 1347 5102 vitta.

328 5144 463 5211 Summa
491 5147 713 5230 parochiarum
741 5168 774 5214 x.
795 5168 918 5214 mareas
942 5159 976 5211 et
999 5147 1087 5214 ultrs
1110 5148 1206 5233 ciiij¹¹
1225 5149 1252 5234 j.
1278 5151 1313 5216 li.
1343 5148 1385 5234 vj.
1403 5172 1429 5217 s.
1449 5147 1519 5233 viij.
1538 5146 1572 5214 cl.
1616 5122 1704 5212 'Item
1723 5146 1780 5231 xij.

285 5234 430 5316 parochie
444 5234 542 5302 infra.

719 5368 855 5434 Summa
870 5366 1004 5433 subsidii
1020 5368 1098 5454 xxij,
1110 5367 1147 5434 li.
1163 5369 1198 5454 ij.
1210 5389 1236 5434 s.
1252 5369 1322 5455 viij.
1334 5368 1367 5434 d.
1397 5374 1400 5380 '

719 5500 854 5570 summa
869 5503 1072 5592 superoneris
1087 5503 1141 5590 vij.
1155 5523 1181 5568 s.
1196 5504 1252 5588 vij.
1265 5502 1299 5569 d.
1314 5504 1366 5569 ob.
1382 5525 1414 5589 q.
