4117 6200
888 577 967 645 AD.
987 580 1083 647 1431,
1665 584 1730 654 127

269 796 442 864 Prcdictus
468 795 651 863 Nicholaus
678 794 815 881 Kaynes
845 799 939 863 tenet
969 794 1153 861 manerium
1185 793 1226 860 de
1257 793 1373 861 srom
1400 795 1523 874 stn,
1546 796 1582 863 in
1613 798 1728 866 eodem

222 886 397 954 hundredo
412 907 473 974 per
487 886 664 951 servicium
678 906 733 951 un
751 884 774 952 f.
789 907 831 950 m.

188 1004 190 1009 '
268 1001 442 1068 Predictus
464 999 635 1067 Johannes
662 1000 771 1087 Roget
797 1004 890 1066 tenet
914 999 1047 1067 diversa
1076 1003 1183 1066 terras
1213 1004 1250 1067 et
1279 1005 1471 1068 tenemeutc
1494 1002 1531 1068 in
1556 1001 1729 1071 Ysmros

224 1090 384 1179 predicta,
399 1111 460 1178 per
474 1090 653 1157 servicium
668 1110 754 1155 noue
769 1089 876 1176 partis
890 1111 947 1156 un.
963 1088 984 1155 i.
1000 1111 1044 1155 m.

270 1205 436 1272 Robertus
466 1204 600 1293 Turges,
628 1205 669 1271 de
700 1203 976 1281 Overmelcombe,
1007 1204 1044 1269 in
1083 1203 1244 1273 comitatu
1274 1204 1423 1283 Dorsete,
1452 1203 1606 1295 armiger,
1636 1211 1731 1274 tenet

223 1295 484 1452 fflffiffimss
492 1299 527 1451 eft
539 1298 730 1451 1tlenemeuts
754 1294 790 1359 in
805 1294 1056 1371 Urumcouuu,
1072 1294 1108 1359 in
1133 1295 1249 1362 eodem
1272 1295 1453 1375 hundredo,
1468 1317 1528 1384 per
1553 1296 1729 1364 servicium

270 1500 673 1654 Margaretassynfihsm,
689 1498 731 1565 de
759 1498 939 1567 Melccmbe
963 1498 1204 1604 Bynghamiu
1228 1499 1390 1603 ecmitatu
1409 1498 1559 1582 Dorsete3
1575 1502 1732 1581 wedeve,

226 1596 320 1659 tenet
349 1612 534 1657 mansuum
588 1612 606 1655 e
637 1589 831 1655 Msmouss
856 1589 1045 1666 Brutum,
1072 1589 1230 1676 preducta,
1256 1611 1292 1655 1n
1323 1590 1436 1657 eodem
1462 1591 1647 1672 hundredo,
1672 1614 1733 1681 per

225 1682 402 1749 servicium
416 1680 603 1746 medietatis
617 1680 713 1747 umf.
732 1701 774 1744 m.
1596 1702 1599 1711 ·

273 1796 416 1862 Thomas
431 1796 535 1881 Payn,
550 1794 592 1859 dc
607 1792 755 1873 London,
771 1793 922 1879 armiger,
938 1792 1041 1859 habet
1064 1797 1099 1859 ct
1125 1792 1267 1881 percipit
1290 1814 1395 1859 unum
1421 1814 1548 1861 annum
1562 1793 1732 1863 redditum

227 1886 343 2045 ἓξὲξ
358 1889 628 2043 {cimitirium
655 1882 697 1949 de
723 1882 864 1950 diversis
888 1883 987 1949 terris
1013 1887 1049 1949 et
1074 1883 1273 1951 tenementis
1303 1883 1340 1949 in
1371 1882 1669 1966 Ommoouan,
1695 1888 1732 1952 in

273 2092 442 2159 Johannes
457 2090 611 2179 Speucer,
625 2090 666 2157 de
682 2089 951 2156 Overmelcombe
966 2089 1125 2176 predicta,
1139 2110 1273 2177 squyer,
1287 2088 1390 2157 habet
1415 2095 1450 2158 et
1463 2092 1605 2180 percipit
1626 2114 1732 2160 unum

227 2204 377 2341 fflum
392 2181 561 2249 redditum
576 2179 686 2247 oneris
700 2201 726 2247 c.
736 2202 760 2247 s.
777 2185 954 2247 exeuntem
977 2180 1018 2246 dc
1033 2179 1174 2247 diversis
1194 2179 1293 2247 terris
1308 2186 1343 2248 et
1350 2182 1550 2290 tenementis
1565 2184 1601 2248 in
1617 2185 1732 2296 eadem

273 2386 446 2453 Prcdictus
475 2383 681 2451 Humiredus
710 2382 856 2450 Stafi'ord
880 2387 974 2449 tenet
999 2384 1185 2449 manerium
1209 2382 1252 2449 de
1278 2383 1444 2451 Mluuonu
1474 2385 1672 2469 Drvnunuu,
1695 2391 1733 2455 in

229 2478 343 2545 eodem
358 2474 541 2552 hundredo,
556 2496 616 2561 per
629 2474 807 2540 servicium
823 2472 939 2559 quinte
955 2473 1063 2559 partis
1077 2494 1132 2539 nn
1148 2472 1173 2538 f.
1190 2494 1232 2538 m.

273 2592 439 2669 Johauna,
453 2611 517 2677 que
543 2588 612 2656 fuit
638 2609 723 2655 uxor
748 2586 886 2653 Roberti
912 2588 1012 2667 More,
1027 2588 1069 2653 de
1095 2586 1322 2675 Styntesford,
1337 2588 1373 2653 iu
1399 2590 1561 2658 comitatu
1584 2592 1734 2673 Dorsete,

230 2681 385 2758 wedewe,
407 2684 501 2747 tenet
525 2678 658 2745 diversa
683 2684 790 2743 terrae
816 2682 852 2744 ct
876 2682 1067 2745 tenementa
1089 2677 1127 2742 in
1150 2679 1273 2745 Lartos
1300 2677 1542 2760 Oflmruscsu,
1558 2683 1594 2747 in
1618 2683 1733 2750 eodem

229 2770 411 2876 hunriredc,
426 2790 490 2856 que
504 2790 572 2835 non
591 2773 749 2836 tenentur
772 2787 832 2855 per
855 2766 1030 2833 servicium
1057 2767 1211 2847 militare,
1225 2773 1261 2835 et
1285 2768 1399 2836 valent
1413 2792 1473 2857 per
1495 2794 1631 2853 annum,
1645 2773 1735 2839 ultra

228 2882 371 2950 sepum
422 2892 1625 2915 .........
1670 2884 1697 2931 0·
1709 2884 1735 2933 ⁸.

274 3027 361 3096 Item
377 3025 516 3095 ulterius
531 3024 648 3093 dicunt
663 3022 804 3112 predicti
815 3021 992 3110 juratores,
1008 3023 1097 3112 quod
1109 3045 1163 3089 :-

679 3235 925 3324 [uuwurou
948 3253 990 3302 rr
1012 3235 1291 3324 soucnoun]

276 3383 420 3450 Domina
435 3381 594 3448 Alienora
618 3379 660 3445 de
676 3377 861 3466 Ponynges,
876 3377 917 3443 de
942 3376 1073 3465 Lychet
1097 3377 1318 3458 Mautravers,
1337 3379 1373 3444 in
1396 3379 1557 3447 comitatu
1584 3381 1735 3463 Dorsete,

231 3475 386 3552 wodevve,
415 3477 509 3540 tenet
537 3468 722 3536 manerium
753 3469 794 3534 de
826 3467 975 3533 Oxroan
1006 3465 1102 3534 ΕΠΖ
1128 3468 1235 3548 Peru,
1253 3469 1290 3534 iu
1314 3467 1464 3557 predicto
1493 3470 1668 3539 hundredo
1693 3474 1735 3541 de

232 3565 397 3632 Nevetcn
412 3569 447 3630 et
461 3559 640 3638 Bouclond,
657 3579 716 3646 per
729 3557 906 3625 servicium
922 3577 976 3623 un.
993 3557 1016 3624 f.
1033 3580 1076 3624 m.

276 3681 450 3749 Prcdictus
464 3675 650 3744 Wilielmus
665 3673 790 3741 Carent
804 3677 897 3739 tenet
912 3671 1046 3738 diversa
1068 3678 1175 3739 terras
1201 3677 1236 3739 et
1253 3679 1444 3743 tenementa
1458 3677 1494 3743 in
1510 3678 1733 3763 Mamm,

231 3774 268 3839 in
283 3772 398 3838 eodem
412 3767 595 3844 hundredo,
610 3786 669 3852 per
683 3762 859 3830 servicium
875 3760 1064 3830 medietatis
1078 3782 1133 3827 nm
1149 3762 1172 3828 f.
1188 3781 1231 3829 m.

276 3887 447 3953 Johannes
471 3882 557 3960 Brit,
572 3881 614 3946 de
637 3877 839 3968 Erdegrove,
854 3875 890 3940 in
917 3875 1067 3961 predicto
1093 3875 1255 3943 comitatu
1270 3877 1419 3957 Dorsete,
1433 3881 1628 3970 gentilman,
1642 3889 1737 3953 tenet

233 3977 364 4044 diversa
389 3980 497 4041 terras
521 3976 556 4038 et
579 3971 770 4036 tenementa
795 3966 832 4032 in
858 3964 1077 4032 usurarum
1104 3965 1263 4052 predicta,
1278 3967 1314 4032 iu
1340 3969 1455 4036 eodem
1479 3971 1662 4052 hundredo,
1677 3997 1738 4062 per

232 4065 411 4134 servicium
426 4065 544 4148 quarte
559 4060 665 4148 partis
680 4079 735 4124 un
752 4055 775 4124 f.
792 4077 835 4123 m.

274 4181 446 4248 Johannes
460 4174 630 4252 Oammell,
645 4173 686 4240 de
701 4171 921 4258 Shapewyke,
937 4170 974 4235 in
988 4171 1148 4237 comitatu
1165 4171 1314 4249 Dorsete,
1329 4175 1480 4262 armiger,
1494 4180 1588 4243 tenet
1603 4177 1735 4247 diversa

230 4275 337 4338 terras
363 4276 398 4336 et
424 4270 613 4336 tenemeuta
638 4265 674 4330 in
702 4261 1044 4337 Ksmmwouffl,
1062 4261 1100 4326 in
1126 4261 1242 4328 eodem
1265 4263 1447 4342 hundredo,
1473 4287 1533 4351 per
1557 4269 1734 4336 servicium

232 4367 348 4429 octava
362 4358 469 4447 partis
484 4378 539 4423 un
557 4355 580 4421 i.
596 4376 639 4420 m.

277 4475 448 4542 Prcdictus
462 4471 632 4538 Johannes
648 4466 774 4534 Carent
798 4469 892 4532 tenet
918 4463 1104 4529 manerium
1128 4464 1170 4529 de
1196 4463 1501 4531 Kusunrrsmsrs
1524 4473 1558 4535 st
1580 4470 1683 4553 Asse,
1699 4476 1735 4541 in

233 4565 347 4633 eodem
362 4560 544 4638 hundredo,
558 4581 619 4648 per
634 4556 809 4624 servicium
824 4559 940 4622 octeve
955 4553 1061 4642 partis
1076 4574 1132 4618 un.
1150 4553 1172 4617 f.
1188 4575 1231 4618 m.

276 4679 438 4747 Ricardus
454 4676 579 4752 Porter,
594 4673 636 4738 de
651 4669 815 4748 Evershit,
830 4670 867 4734 in
881 4669 1043 4737 comitatu
1058 4667 1207 4746 Dorsete,
1221 4688 1355 4755 yoman,
1369 4674 1463 4736 tenet
1482 4671 1617 4740 diverse
1630 4680 1736 4747 terras

231 4772 470 4928 ἱῗεὶῃῗιιιουια
484 4766 520 4831 in
536 4763 803 4838 Iam-soum,
818 4759 855 4824 in
870 4759 985 4826 eodem
1011 4757 1196 4839 hundredo,
1211 4779 1271 4845 per
1296 4758 1474 4827 servicium
1495 4768 1611 4831 octava
1633 4771 1738 4855 partis

277 4975 449 5042 Johannes
476 4967 677 5059 Lymborgh,
704 4963 746 5032 de
774 4962 961 5040 Marnehill,
986 4961 1023 5027 in
1047 4961 1209 5030 comitatu
1232 4963 1381 5043 Domete,
1407 4964 1618 5057 frankeleyn,
1644 4979 1739 5044 cenet

233 5067 365 5132 diversa
388 5067 494 5130 terras
524 5065 560 5126 et
589 5059 779 5124 tenementa
804 5055 840 5119 in
866 5053 1082 5119 Massurius
1112 5053 1269 5139 predicte,
1295 5074 1359 5141 que
1394 5076 1462 5121 nou
1488 5062 1648 5128 tenentur
1678 5085 1739 5153 per

233 5155 409 5224 servicium
425 5151 578 5228 militare,
593 5152 628 5214 et
643 5145 757 5212 valent
771 5165 831 5232 per
845 5165 981 5221 annum,
995 5142 1087 5208 ultre
1101 5143 1244 5230 reprisas
1319 5181 1333 5195 -
1468 5183 1482 5195 -
1618 5189 1630 5201 .
1676 5176 1739 5230 M·

277 5271 422 5338 Thomas
447 5266 584 5354 Helyer,
599 5262 640 5327 de
667 5262 929 5347 Stourmynstre,
944 5258 980 5322 in
1004 5257 1119 5324 eodem
1142 5257 1325 5338 hundredo,
1339 5280 1474 5347 yoman,
1487 5267 1581 5331 tenet
1607 5265 1740 5339 diversa

232 5367 339 5429 terras
354 5365 390 5426 et
404 5359 596 5426 tenementa
609 5353 646 5418 in
661 5351 942 5419 smmumsmc
955 5347 1114 5434 predicta,
1131 5368 1195 5434 que
1209 5370 1278 5417 non
1292 5353 1450 5417 tenentur
1476 5373 1537 5439 per
1560 5357 1737 5426 servicium

235 5452 390 5532 militare,
405 5453 439 5518 et
453 5447 570 5516 valent
585 5464 643 5533 per
658 5461 794 5520 anuum,
808 5439 899 5508 ultra
914 5436 1057 5528 reprisas
1173 5475 1188 5490 ·
1320 5473 1336 5489 ·
1471 5477 1484 5494 .
1618 5481 1631 5498 .
1677 5469 1738 5522 m·
