4117 6200
332 654 376 723 70
980 642 1167 712 DORSET.

379 867 430 932 De
455 864 608 931 Johenne
634 863 745 950 Roger
769 881 831 949 pro
855 859 898 926 di
924 858 948 926 f.
976 859 1012 924 iu
1040 859 1181 927 Suuuou
1204 857 1441 936 Wlttuuoun,
1456 857 1545 945 quod
1570 853 1771 924 laurentius
1795 854 1838 921 de

336 955 460 1022 Sancto
474 956 620 1020 Mertino
635 952 802 1039 quondam
818 950 929 1017 tenuit
986 986 1000 999 -
1136 987 1149 1000 -
1284 985 1299 999 ·
1434 987 1449 1001 -
1583 987 1597 999 ·
1641 946 1688 1032 iij.
1698 968 1722 1012 e.
1737 945 1796 1032 iiij.
1806 943 1838 1010 d.

382 1085 432 1149 De
459 1082 618 1148 Mauricio
645 1079 812 1165 Barkeley
827 1100 887 1166 pro
903 1077 988 1162 iiijta.
1004 1082 1100 1164 perte
1111 1077 1135 1165 j.
1153 1077 1176 1143 f.
1192 1101 1235 1144 m
1252 1077 1287 1142 in
1302 1077 1538 1155 Limonum,
1553 1099 1653 1164 quem
1668 1078 1691 1143 J
1692 1077 1839 1142 ohannes

337 1175 452 1260 Meyre
468 1173 635 1259 quondum
650 1170 761 1236 tenuit
791 1203 1694 1220 ·······
1739 1189 1795 1231 xx„
1808 1165 1840 1230 d.

383 1305 433 1368 De
458 1301 612 1366 doliunne
637 1298 806 1374 Stourton,
829 1296 963 1381 juniori,
988 1317 1048 1380 pro
1074 1295 1117 1361 di.
1144 1293 1167 1360 f.
1191 1317 1234 1359 m.
1260 1316 1364 1382 parvo
1390 1296 1577 1383 Morteynie
1603 1297 1639 1361 in
1665 1295 1838 1359 Boiorum

339 1394 500 1468 Wnsmu,
516 1390 605 1476 quod
619 1389 785 1453 Robertus
801 1385 1007 1451 Moundevill
1035 1385 1201 1472 quondam
1217 1385 1337 1462 tenuit,
1354 1384 1482 1472 [eliciet
1497 1393 1556 1451 out
1570 1385 1682 1463 nichil,
1696 1407 1735 1450 eo
1749 1384 1839 1470 quod

340 1484 427 1549 idem
443 1481 613 1546 Johennes
628 1485 721 1544 tenet
736 1477 861 1542 dictum
877 1475 920 1540 di.
937 1475 960 1540 f.
978 1497 1020 1540 m.
1035 1476 1072 1539 in
1086 1475 1218 1560 sonegio
1232 1474 1274 1539 de
1285 1474 1451 1540 Willelmo
1470 1473 1673 1562 Courteney,
1683 1474 1838 1551 chiveler,

341 1578 381 1639 ut
407 1573 448 1637 de
476 1569 623 1635 manerio
649 1589 708 1633 suo
732 1566 773 1631 de
800 1565 862 1630 'Est
887 1564 1009 1642 Koker,
1035 1587 1093 1649 per
1115 1563 1292 1630 servicium
1319 1563 1480 1630 reddendi
1506 1565 1613 1630 eidem
1629 1563 1796 1630 Willelmo
1815 1563 1843 1646 J'.

341 1660 565 1748 esperverium
580 1677 787 1744 perannum,
803 1655 891 1721 sicut
905 1653 1096 1720 continetur
1115 1654 1152 1718 in
1175 1653 1319 1739 quedem
1339 1654 1557 1740 inquisicione
1572 1654 1650 1719 inde
1664 1675 1765 1740 penes
1779 1653 1841 1718 hes

339 1750 519 1840 particulae
534 1749 726 1814 remanente
776 1783 789 1796 -
880 1782 893 1795 -
940 1741 1069 1830 Niehil]
1116 1780 1129 1794 ·
1221 1782 1233 1795 -
1325 1781 1338 1792 -
1383 1743 1430 1830 iij.
1442 1765 1466 1810 e.
1482 1742 1583 1833 iiij.d.
1600 1741 1752 1829 [written
1766 1763 1841 1808 ouer

1387 1833 1420 1919 ij.
1432 1856 1456 1900 e.
1471 1834 1506 1920 iJ'.
1515 1832 1546 1899 d.
1563 1833 1615 1899 ob.
1630 1831 1744 1898 elrlwb
1758 1830 1843 1916 null.

384 1954 436 2020 De
451 1954 565 2020 eodem
594 1949 749 2016 Johcnne
775 1967 835 2034 pro
859 1945 945 2033 iiijo.
969 1951 1067 2034 purte
1085 1947 1113 2032 j.
1139 1945 1165 2014 f.
1194 1944 1291 2033 parvi
1316 1945 1450 2027 ibidem,
1473 1967 1574 2032 quem
1601 1946 1776 2032 Philippus
1800 1945 1841 2011 de

340 2047 434 2130 Lucy
458 2042 625 2130 quondam
645 2037 756 2104 tenuit
785 2035 913 2122 [stenelo
933 2043 992 2101 out
1018 2036 1131 2112 nichil,
1146 2057 1188 2101 ex
1214 2057 1314 2102 eausa
1339 2036 1376 2100 in
1404 2037 1554 2124 proxime
1577 2037 1741 2123 particule
1766 2057 1842 2123 pre·

339 2135 476 2202 cedente
491 2134 659 2206 annotata,
676 2129 764 2194 sicut
779 2127 815 2190 in
831 2125 1049 2211 inquisicione
1064 2126 1242 2212 predicte-
1375 2162 1389 2176 ·
1433 2126 1593 2210 Niehil].
1683 2163 1696 2175 .
1742 2125 1841 2192 md,

1228 2215 1379 2301 [written
1393 2236 1470 2282 over
1483 2216 1554 2304 xiij.
1571 2229 1615 2303 qss.
1631 2213 1745 2281 struck
1759 2217 1842 2300 out}

385 2339 435 2405 De
460 2335 627 2402 Willelmo
655 2329 800 2418 Bydyke
826 2350 886 2416 pro
912 2329 956 2396 di
981 2328 1005 2396 f.
1032 2331 1069 2394 in
1095 2329 1243 2396 monerio
1269 2331 1310 2397 de
1340 2331 1488 2411 simon,
1513 2332 1602 2419 quod
1627 2331 1771 2396 Thomas
1800 2329 1841 2395 de

339 2431 472 2497 Norton
487 2424 654 2512 quondam
669 2420 815 2486 tenuit·
995 2458 1008 2470 ·
1190 2457 1204 2470 -
1383 2461 1397 2473 ·
1577 2457 1592 2470 ·
1635 2421 1681 2507 iij.
1694 2443 1721 2485 e.
1736 2417 1840 2506 iiij.d.

384 2544 436 2611 De
452 2540 604 2617 Isobelle,
618 2536 753 2603 domino
768 2534 809 2599 de
825 2534 935 2600 (ierne
952 2532 1030 2619 (eie)
1054 2557 1114 2622 pro
1129 2535 1216 2621 iiijta.
1232 2541 1328 2623 parte
1338 2536 1364 2624 j.
1380 2537 1404 2602 f.
1419 2535 1517 2624 parvi
1532 2557 1574 2601 m.
1590 2537 1627 2602 in
1642 2535 1841 2601 Bormam

340 2637 500 2708 WESTON‚
516 2651 617 2716 quem
631 2627 775 2691 Thomas
791 2622 940 2690 Orcherd
957 2627 1124 2711 quondam
1139 2625 1251 2692 tenuit
1320 2665 1334 2679 -
1424 2662 1439 2676 ·
1484 2649 1538 2690 xm
1548 2625 1581 2692 d.
1598 2625 1750 2712 [written
1764 2646 1842 2691 over

1441 2715 1513 2802 xiij.
1523 2714 1554 2782 d.
1570 2729 1616 2802 q2.
1631 2713 1744 2782 struck
1758 2716 1840 2799 out}

384 2839 435 2904 De
459 2833 625 2901 Willelmo
649 2827 813 2913 Anketyll
838 2849 900 2915 pro
927 2825 1012 2913 iiijo.
1041 2832 1136 2914 purte
1146 2828 1171 2915 j.
1188 2827 1211 2894 f.
1228 2849 1269 2894 m
1292 2829 1326 2894 in
1351 2828 1522 2907 Torunun,
1538 2850 1638 2915 quam
1654 2827 1842 2894 Willelmus

338 2926 504 3013 Anketyll
520 2922 686 3009 quondam
703 2917 813 2984 tenuit
940 2951 1698 2969 ······
1742 2940 1798 2984 xx,
1809 2918 1842 2985 d.

383 3043 434 3109 De
458 3041 612 3107 Johennc
638 3035 794 3122 lntymer
819 3053 881 3120 pro
906 3031 948 3098 di.
975 3053 1080 3119 pervo
1106 3031 1130 3099 f.
1155 3032 1191 3096 in
1218 3032 1355 3102 Ouum
1379 3033 1535 3111 Aoroun,
1559 3033 1647 3120 quod
1675 3031 1843 3101 Welterue

340 3130 524 3203 Steunford
541 3126 709 3215 quondam
725 3124 835 3189 tenuit
850 3161 865 3175 ·
911 3122 956 3208 iij.
967 3144 991 3187 e.
1006 3122 1066 3208 iiij.
1078 3122 1109 3190 d.
1128 3122 1280 3208 [written
1294 3146 1369 3190 over
1384 3125 1416 3209 ij.
1426 3144 1450 3188 e.
1467 3122 1501 3208 ij.
1514 3122 1545 3188 d.
1561 3124 1613 3191 ob.
1628 3123 1740 3190 struck
1756 3126 1841 3211 oot].

384 3250 435 3314 De
459 3244 578 3313 comite
607 3240 754 3305 Devonie
786 3259 847 3326 pro
872 3236 943 3322 vjt.
972 3242 1067 3323 parte
1087 3237 1112 3322 J'.
1139 3240 1235 3325 parvi
1262 3239 1285 3304 f.
1313 3260 1355 3303 m.
1382 3239 1418 3303 in
1443 3238 1557 3303 Hrncu
1585 3239 1716 3315 Plan,
1740 3260 1841 3325 quam

338 3342 509 3409 lohannes
524 3335 565 3399 de
581 3330 729 3397 Munden
744 3328 908 3414 quondam
925 3328 1038 3392 tenuit
1053 3366 1067 3380 ·
1097 3327 1220 3407 Niehil‚
1236 3328 1316 3415 quie
1330 3333 1447 3395 contra
1461 3328 1602 3394 formam
1617 3329 1841 3396 concessionis„

384 3456 436 3521 Do
451 3451 586 3517 dominu
608 3446 630 3512 J
631 3446 765 3511 ohanne
780 3442 822 3508 de
837 3442 948 3507 Broke
964 3464 1025 3528 pro
1040 3443 1083 3508 di.
1101 3442 1124 3508 f.
1140 3443 1177 3509 in
1192 3442 1330 3511 Cultor:
1344 3443 1499 3522 Aeuom),
1514 3444 1602 3529 quod
1618 3443 1785 3508 Walterus
1800 3444 1842 3509 do

341 3546 433 3632 Legh
449 3539 618 3627 quondum
633 3534 744 3599 tenuit
805 3570 817 3581 -
998 3566 1013 3579 -
1193 3572 1207 3585 .

385 3660 435 3761 Dq
462 3655 589 3720 Thome
617 3649 773 3714 llenston
799 3666 860 3733 pro
887 3645 930 3710 di.
947 3644 969 3711 f.
986 3668 1027 3713 m.
1044 3648 1081 3712 in
1095 3647 1277 3724 Mlusuuu,
1291 3646 1381 3733 quod
1405 3645 1555 3734 Rogerus
1570 3646 1842 3753 well-‘quondam

339 3752 630 3929 teIlllilWillelmo
656 3850 801 3939 Bydyke
826 3872 887 3937 pro
912 3852 998 3938 iiije.
1025 3855 1122 3938 perte
1140 3849 1166 3938 j.
1193 3848 1217 3916 f.
1243 3872 1286 3916 m.
1310 3849 1347 3915 in
1370 3850 1544 3931 Toruuuu,
1570 3737 1844 3939 quniildelidlbdd

341 3955 482 4043 Wylton
497 3944 664 4035 quondum
679 3940 791 4007 tenuit
905 3976 923 3993 -
1100 3980 1116 3993 -
1294 3977 1308 3991 ·
1488 3978 1503 3993 ·
1680 3980 1696 3993 ·
1740 3942 1844 4011 md,

385 4068 437 4134 De
453 4061 619 4128 Willelmo
644 4055 794 4123 Cereunt
819 4075 880 4142 pro
906 4054 968 4142 iijn.
996 4058 1091 4141 parte
1111 4054 1137 4143 j.
1165 4053 1188 4119 f.
1212 4054 1310 4120 min
1338 4055 1520 4134 LAYLOND,
1534 4076 1636 4142 qnam
1663 4055 1845 4123 Nicholeus

296 4158 298 4163 ’
342 4154 566 4226 Mottesthorn
581 4146 748 4233 quondam
763 4145 874 4211 tenuit
919 4182 932 4194 ·
1111 4178 1127 4191 ·
1304 4180 1317 4194 ·
1555 4167 1588 4233 1J
1598 4166 1622 4212 e.
1638 4146 1671 4232 ij.
1684 4145 1716 4213 d.
1732 4148 1781 4213 ob.
1798 4162 1844 4234 qe.

387 4275 438 4338 De
454 4269 497 4335 di.
513 4266 533 4331 f.
549 4286 591 4329 m.
607 4262 643 4326 in
660 4261 781 4325 PARVA
805 4258 987 4333 Kruouou,
1002 4257 1092 4343 quod
1118 4256 1290 4323 lohannes
1304 4258 1346 4324 de
1362 4258 1526 4340 Sendlmll
1552 4262 1719 4345 quendem
1734 4264 1845 4329 tenuit

434 4355 549 4427 Niehil
564 4354 628 4429 hic,
644 4372 681 4415 eo
697 4349 784 4435 quod
800 4348 926 4414 dictum
942 4346 985 4411 di.
1002 4347 1025 4413 f.
1043 4346 1206 4413 dividitur
1230 4347 1318 4414 inter
1343 4348 1492 4414 diversas
1505 4372 1670 4436 personae,
1688 4351 1844 4418 videlieet

477 4448 665 4514 Johnnnem
683 4438 858 4524 Wynford,
882 4437 923 4502 dc
943 4436 1021 4524 jure
1036 4437 1143 4503 Alioie
1166 4437 1280 4502 uxoris
1303 4436 1383 4522 ejus,
1406 4438 1610 4505 Willelmum
1634 4440 1844 4519 Alisenndre,

478 4538 638 4603 Thomum
654 4528 755 4613 Hody
771 4532 805 4593 et
820 4527 1008 4593 lehunnem
1034 4526 1207 4605 Stourton,
1222 4531 1257 4592 et
1277 4527 1419 4612 quilibet
1442 4529 1620 4595 eorundem
1646 4530 1778 4597 seieitue
1793 4537 1846 4599 eet

478 4647 536 4713 per
561 4643 595 4687 se
619 4618 857 4705 sepa1·atim,et
882 4617 992 4682 nullus
1013 4638 1125 4681 eorum
1141 4621 1234 4682 tenet
1248 4616 1291 4681 ad
1303 4616 1415 4702 iiijom.
1431 4621 1557 4701 purtem
1572 4618 1596 4685 f.
1618 4641 1677 4705 per
1699 4642 1744 4703 oe,
1759 4622 1847 4687 sieut

479 4712 668 4779 continetur
683 4708 717 4771 in
734 4706 877 4792 quedem
893 4706 1109 4792 inquisicione
1124 4705 1211 4783 iude,
1222 4726 1331 4771 eorem
1347 4704 1487 4793 prefatis
1498 4707 1726 4775 collectoribus
1740 4718 1846 4798 cepte,

480 4808 515 4869 et
529 4820 630 4888 penes
645 4796 704 4860 hee
719 4795 899 4880 particulos
913 4801 1105 4860 remanente
1218 4826 1233 4840 ·
1366 4830 1379 4845 ·
1514 4836 1529 4845 -
1662 4834 1678 4847 -
1723 4799 1846 4867 Niehil‚

390 4925 442 4991 De
472 4917 494 4982 J
497 4916 625 4981 ohanne
656 4908 823 4995 Wyniord
848 4930 909 4994 pro
939 4908 980 4973 di.
1013 4907 1036 4975 f.
1067 4930 1109 4973 m.
1140 4909 1177 4973 in
1208 4907 1405 4975 KYNourou
1435 4914 1470 4976 et
1500 4911 1726 4993 Tnonmou,
1757 4917 1846 5001 quod

347 5010 514 5105 quendem
530 5002 595 5067 suit
611 4999 735 5064 Thome
751 4998 791 5064 de
807 4998 840 5063 lo
855 4998 920 5062 Ber
934 5002 968 5063 et
985 4998 1057 5064 Ade
1072 4999 1113 5064 de
1128 4998 1161 5063 lo
1175 4998 1291 5065 Moure
1374 5037 1387 5048 -
1478 5037 1491 5050 ·
1583 5038 1596 5051 ·
1642 5002 1726 5089 iij.e.
1742 5004 1845 5091 iiij.d.

391 5130 442 5195 De
473 5120 608 5187 Olivero
638 5114 678 5178 de
709 5112 901 5198 Servynton
930 5136 991 5201 pro
1029 5114 1076 5179 di.
1107 5113 1130 5179 f.
1160 5135 1202 5179 m
1243 5115 1279 5179 in
1318 5114 1544 5195 Mlunus'rou,
1574 5117 1663 5204 quod
1694 5118 1848 5187 Oliverus

348 5216 563 5303 servyngton
578 5203 744 5291 quendem
760 5202 871 5269 tenuit

392 5336 442 5401 De
469 5318 659 5393 Humlredo
685 5316 832 5383 Stefford
856 5338 916 5402 pro
931 5316 1015 5403 iij.
1032 5318 1183 5404 pertibus
1193 5318 1219 5404 j.
1235 5316 1259 5383 f.
1276 5339 1317 5384 m.
1335 5316 1500 5385 Mortenie
1526 5320 1562 5383 in
1577 5321 1799 5402 anun'rou,
1815 5331 1851 5393 et

346 5452 407 5521 pro
423 5436 469 5489 xa,
486 5416 589 5504 perte,
605 5428 669 5495 quc
685 5407 853 5493 quondum
869 5406 1002 5473 suerunt
1019 5408 1155 5475 Ricardi
1171 5408 1212 5509 de
1227 5405 1329 5493 Flory
1374 5443 1404 5510 '..
1477 5448 1500 5513 ⁸.
1537 5410 1595 5496 iiij.
1606 5432 1629 5475 o.
1646 5433 1676 5476 v,
1687 5411 1719 5476 d.
1735 5414 1784 5480 ob.
1801 5429 1848 5501 q⁸.

1123 5499 1274 5580 [omme
1290 5516 1367 5561 ouer
1381 5518 1413 5579 1J.
1426 5518 1448 5561 e.
1465 5498 1547 5583 de
1571 5499 1621 5565 ob.
1637 5502 1750 5569 stmulo
1764 5508 1849 5591 out}
