4117 6200
904 588 986 659 nn.
1012 592 1108 660 ross.
1212 668 1217 676 ,
1694 595 1754 659 ras

297 882 443 949 Ecclesia
464 884 505 947 de
531 882 639 950 Psavs
653 880 874 952 wmssswe
897 886 1026 946 mxatur
1052 882 1092 946 de
1119 882 1254 968 novovj.
1279 903 1413 950 marcas.
1458 883 1579 966 Nichil,
1594 886 1750 971 quianon

254 972 458 1145 ffiigffem
473 991 607 1056 persone
622 968 843 1035 inhabitantes
858 970 1022 1035 domicilia
1036 974 1197 1049 tenentes,
1205 973 1290 1035 sicut
1300 972 1485 1038 continetur
1497 974 1531 1037 in
1545 974 1756 1058 inquisicione

297 1196 503 1349 immid?
528 1196 649 1263 liaeus
674 1197 895 1263 Wsusaauws
920 1199 1051 1261 mxatur
1070 1196 1111 1260 ab
1135 1198 1271 1281 antiquo
1294 1219 1345 1263 xx.
1370 1218 1502 1263 marcas.
1549 1198 1749 1281 Subsidium,

253 1306 340 1370 xxvj.
353 1308 379 1351 s.
395 1305 464 1369 πῃ.
480 1310 512 1350 ι.

298 1421 417 1575 l'epcio
442 1422 605 1488 abbatisse
628 1423 669 1486 de
696 1420 850 1507 sserkyng
875 1422 996 1485 ibidem
1021 1422 1091 1507 xiij.
1119 1446 1146 1488 s.
1171 1421 1232 1507 iiij.
1248 1424 1279 1488 d.
1328 1423 1527 1503 Subsidium,
1547 1428 1697 1491 oneratur
1712 1426 1753 1489 de

254 1531 320 1595 xvj.
361 1560 369 1575 .

683 1869 686 1874 ἱ
713 1786 847 1851 Summa
861 1785 997 1851 subsidii
1013 1786 1056 1871 vj.
1070 1789 1104 1853 li.
1120 1787 1188 1872 viij.
1200 1810 1227 1854 e.

714 1925 849 1990 Summa
862 1926 1064 2010 superoneris
1078 1926 1122 1992 ix.
1134 1948 1160 1991 s.
1177 1924 1238 2011 iiij.
1252 1928 1283 1993 d.

626 2179 630 2189 ·
746 2140 966 2207 Huunannuu
989 2161 1033 2207 ns
1055 2140 1263 2209 WYTHAM.

298 2280 441 2346 Ecclesia
454 2279 496 2345 ds
510 2280 662 2350 Wmusu
676 2282 806 2343 taxatur
818 2278 1004 2362 abantiquo
1020 2279 1064 2347 lv.
1080 2298 1212 2345 marcas.
1258 2277 1460 2362 Subsidium,
1477 2281 1582 2369 lxxiij.
1595 2307 1621 2350 s.
1645 2284 1708 2371 iiij.
1721 2286 1754 2353 d.

296 2420 425 2484 Vicaria
439 2417 586 2504 ejusdem
601 2421 730 2483 taxatur
744 2417 934 2501 abantiquo
948 2417 1012 2501 xvj.
1031 2436 1162 2483 marcas.
1209 2416 1408 2497 Subsidium,
1422 2418 1487 2504 xxj.
1497 2444 1524 2487 e.
1540 2421 1601 2506 iiij.
1613 2424 1645 2488 d.

298 2558 343 2621 Et
368 2562 545 2621 onerantur
568 2576 663 2640 super
686 2558 874 2658 compotum
890 2554 933 2657 de
947 2555 992 2619 ix.
1004 2576 1031 2619 a.
1048 2575 1109 2657 rrrj.
1123 2556 1155 2620 d.
1172 2555 1219 2658 de·
1235 2554 1377 2620 subsidio
1397 2556 1567 2659 cujusdam
1591 2560 1756 2643 pencionis

256 2646 652 2817 ppdleffppxrpaeppam
678 2640 1058 2755 capitulus(crc)Sanct1
1083 2642 1232 2723 Martrm,
1257 2642 1553 2730 london,prec1p1t
1578 2646 1619 2710 ds
1644 2647 1757 2711 eadem

270 2872 343 2944 „Et
357 2875 533 2935 onerantur
548 2886 644 2954 snper
657 2872 845 2952 compotum
860 2867 902 2931 de
918 2866 987 2952 viij.
1000 2889 1026 2932 s.
1050 2889 1081 2933 v.
1092 2868 1124 2933 d.
1141 2867 1182 2933 de
1198 2868 1339 2934 subsidio
1353 2869 1427 2954 iiijot
1446 2871 1635 2955 pcrcicnum
1649 2871 1710 2957 iiij.
1722 2874 1756 2938 li.

256 2959 317 3043 iiij.
333 2982 360 3025 s.
376 2978 457 3043 quas
471 2956 622 3022 monachi
635 2962 670 3023 et
684 2956 830 3020 canonici
853 2954 1035 3033 Golcestrie,
1050 2976 1087 3019 ac
1102 2957 1189 3039 prior
1203 2956 1243 3021 de
1259 2956 1393 3021 Hatleld
1417 2957 1561 3024 Peserell
1585 2962 1756 3044 separatim

257 3047 441 3132 precipiunt
465 3046 500 3110 in
516 3043 630 3110 eadem
644 3044 778 3110 ecclesia
787 3042 886 3129 juxta
899 3042 1036 3107 formam
1052 3044 1264 3108 concessionis
1279 3044 1432 3128 predicte.

299 3186 443 3252 Ecclesia
457 3184 499 3250 de
513 3185 700 3252 anwann
714 3187 845 3248 taxatur
858 3183 899 3247 ab
912 3183 1048 3268 antiquo
1062 3182 1131 3268 viij.
1148 3203 1281 3250 marcas.
1327 3183 1525 3267 Subsidium,
1540 3185 1583 3271 vj.
1599 3209 1625 3252 s.
1643 3187 1710 3272 viij.
1723 3191 1755 3255 d.

282 3325 441 3474 ,milii
455 3324 504 3477 ,ie
527 3324 687 3390 Humana
712 3325 888 3389 Parnason
915 3326 1046 3386 texatur
1071 3321 1262 3407 abantiquo
1277 3322 1363 3406 xxxj.
1380 3343 1512 3390 marcas.
1558 3323 1756 3407 Subsidium,

262 3435 281 3476 x
290 3434 317 3497 J.
334 3436 360 3479 s.
376 3433 439 3497 nrj.
480 3462 488 3478 .

299 3550 442 3615 Ecclesia
456 3549 497 3614 de
512 3549 689 3618 Wuxsrsasr
704 3553 833 3614 taxatur
847 3549 890 3613 ab
905 3548 1041 3631 antiquo
1055 3547 1113 3632 xij.
1132 3567 1264 3613 marcas.
1311 3546 1510 3630 Subsidium,
1527 3550 1591 3635 xvj.
1608 3574 1634 3617 s.

299 3688 442 3790 Ecclesia
470 3685 511 3751 de
541 3689 737 3753 Baaxsesns
764 3686 886 3752 bisons
908 3689 1042 3750 taxatur
1067 3686 1108 3750 ab
1131 3686 1266 3770 antiquo
1293 3685 1349 3772 xij.
1378 3707 1513 3755 marcas.
1559 3687 1758 3770 Subsidium,

263 3796 327 3861 va.
345 3799 371 3841 s.
1747 3807 1752 3817 ¹

300 3911 444 3977 Ecclesia
458 3911 497 3976 do
514 3912 651 3978 Eamne
666 3915 796 3976 taxatur
811 3911 1001 3996 abantiquo
1016 3911 1087 3994 viij.
1104 3931 1237 3978 marcas.
1283 3911 1480 3992 Subsidium,
1496 3912 1539 3998 vj.
1552 3936 1577 3978 s.
1601 3915 1670 3999 viij.
1683 3915 1714 3980 d.

282 4052 442 4205 ”Enpllesia
464 4050 505 4116 de
531 4052 689 4116 Belmina
715 4055 847 4116 taxatur
872 4051 913 4114 ab
940 4051 1075 4135 antiquo
1102 4050 1203 4136 xxxij.
1231 4071 1366 4117 marcas.
1423 4050 1621 4134 Subsidium,
1646 4054 1715 4140 xlij.
1732 4079 1758 4122 s.

260 4159 328 4224 an.
368 4189 377 4205 .

301 4277 460 4380 Ecclesia„
480 4276 521 4428 ple
553 4277 643 4342 Anas
681 4276 835 4341 Nomsns
865 4279 996 4340 taxatur
1023 4276 1066 4339 ab
1094 4276 1228 4360 antiquo
1262 4275 1343 4360 xiiij.
1381 4295 1514 4344 marcas.
1562 4278 1761 4363 Subsidium,

260 4385 473 4449 suipsvuj.
508 4413 516 4428 .

301 4503 446 4607 Epclesia
474 4503 515 4568 de
545 4502 653 4568 Nroas
683 4503 837 4568 Nomsns
867 4507 997 4566 taxatur
1027 4500 1069 4565 sb
1098 4502 1234 4585 antiquo
1263 4501 1354 4586 xviij.
1382 4521 1515 4569 marcas.
1560 4503 1761 4587 Subsidium,

262 4611 365 4676 xme.
381 4614 408 4656 s.
1123 4639 1128 4648 .

305 4728 449 4793 Ecclesia
464 4726 505 4792 de
521 4727 715 4794 Frrnsrsns
730 4732 862 4793 taxatur
876 4727 918 4792 ab
932 4729 1068 4811 antiquo
1084 4727 1140 4811 xij.
1158 4747 1290 4793 marcas.
1337 4726 1535 4809 Subsidium,
1550 4729 1614 4815 xvj.
1631 4755 1658 4797 a.

303 4866 347 4929 Et·
361 4868 536 4929 onerantur
551 4884 647 4949 snper
662 4872 849 4950 compotum
865 4865 905 4929 dc
923 4865 990 4950 viij.
1007 4888 1034 4931 o.
1051 4866 1092 4928 de
1108 4865 1251 4929 subsidio
1264 4865 1435 4950 cujusdam
1462 4868 1629 4951 pancionis
1650 4869 1710 4954 iiij.
1728 4872 1762 4936 li.

261 4973 358 5036 quam
372 4953 554 5037 capitulum
570 4951 686 5018 Sancti
700 4953 806 5036 Pauli,
824 4953 969 5033 London,
984 4954 1123 5038 percipit
1139 4957 1173 5017 in
1190 4952 1314 5034 eadem,
1325 4953 1422 5039 juxta
1436 4954 1583 5035 formam,
1598 4955 1656 5022 cc.

303 5090 349 5155 Et
361 5095 536 5155 onerantur
556 5111 653 5175 snper
668 5095 855 5174 compotum
872 5091 912 5154 de
928 5089 998 5174 xiij.
1015 5091 1048 5154 d.
1062 5095 1095 5172 q·
1110 5089 1151 5154 de
1168 5090 1311 5155 subsidio
1325 5090 1462 5156 duarum
1477 5093 1666 5176 pcrcicnum
1680 5094 1725 5178 xj.
1738 5119 1764 5160 s.

261 5177 687 5352 padmpmprppptp’efflatfeud
711 5177 856 5244 Peverell
882 5184 916 5242 et
945 5183 1050 5242 rector
1079 5179 1119 5241 de
1140 5177 1316 5242 Bromieud
1342 5180 1513 5263 separatim
1531 5181 1718 5266 precipiunt
1732 5183 1766 5244 in

303 5401 452 5468 Ecclesia
465 5403 508 5466 de
523 5403 845 5470 Paravi-Bassaricas
859 5405 990 5466 taxatur
1004 5401 1046 5464 de
1061 5421 1143 5467 novo
1157 5403 1201 5468 ix.
1211 5421 1346 5467 marcas.
1376 5401 1408 5466 N
1409 5399 1499 5481 ichil,
1512 5404 1589 5488 quia
1604 5404 1638 5467 iu
1654 5403 1767 5468 eadem

260 5508 326 5574 pon
339 5496 421 5556 sunt
434 5495 489 5553 ι’·
504 5511 636 5576 persone
651 5490 886 5570 inhabitantes,
899 5492 995 5576 prout
1010 5493 1104 5571 patet
1119 5510 1176 5574 per
1190 5489 1439 5575 inquisicionem
1454 5489 1645 5574 predictam.
