4117 6200
902 586 1017 663 EDW.
1042 588 1105 662 111.
1683 590 1747 663 298

287 877 472 949 Willelmus
497 882 553 948 del
567 881 644 949 Ysle
667 890 820 952 oneratus
846 886 911 952 ruit
936 886 976 953 de
1001 886 1022 949 1.
1032 908 1059 953 c.
1075 907 1134 970 pro
1157 888 1275 951 relevio
1298 907 1367 965 suo,
1381 887 1534 951 videlicet
1548 907 1620 952 xxv.
1631 909 1658 952 s.
1682 904 1740 971 pro

247 970 421 1035 medietate
435 973 571 1036 manerii
586 970 626 1036 de
642 971 824 1054 Sennnrou,
838 979 873 1040 et
886 975 1099 1040 advocacione
1121 975 1254 1040 ecclesie
1277 974 1463 1040 medietatis
1487 974 1569 1039 dicti
1593 974 1742 1054 manerii,

247 1059 347 1121 tentis
372 1059 412 1121 de
434 1080 511 1143 rege
536 1079 594 1143 per
619 1062 789 1125 servicium
813 1067 929 1147 quarte
953 1063 1056 1147 partis
1078 1082 1134 1128 un.
1159 1062 1183 1127 f.
1212 1084 1255 1126 m.
1281 1067 1315 1126 et
1340 1083 1413 1129 xxv.
1428 1085 1455 1128 s.
1482 1083 1541 1146 pro
1566 1061 1742 1126 medietate

244 1146 380 1208 manerii
394 1145 434 1210 de
449 1148 642 1225 Rvsnunnrv,
653 1152 688 1212 et
701 1149 912 1214 advocacione
927 1151 1112 1215 medietatis
1128 1150 1261 1214 ecclesie
1272 1148 1419 1233 ejusdem
1429 1151 1577 1228 manerii,
1587 1150 1689 1213 tentis
1701 1147 1742 1212 de

246 1253 320 1316 rege
336 1253 390 1316 per
404 1235 576 1297 servicium
592 1238 705 1317 quarte
727 1237 828 1320 partis
849 1257 904 1302 uu.
920 1237 944 1302 f.
962 1257 1005 1302 m.
1022 1259 1079 1322 per
1106 1238 1280 1301 servicium
1307 1237 1445 1302 duorum
1469 1236 1657 1314 solidorum,
1670 1235 1741 1321 regi

247 1339 303 1402 per
318 1340 442 1383 annum
459 1321 500 1385 ad
516 1324 710 1386 scaccarium
725 1345 783 1408 per
797 1344 913 1389 manus
928 1326 1129 1389 vicecomitis
1144 1324 1379 1392 solvendorum.

666 1460 826 1524 Henrious
857 1461 949 1546 Husy
978 1461 1071 1524 dedit
1098 1461 1169 1546 regi
1199 1481 1271 1524 xxv.
1286 1483 1312 1526 a.
1344 1481 1401 1545 pro
1430 1460 1549 1526 relevio
1590 1480 1659 1537 suo,
1687 1477 1746 1542 pro

457 1533 467 1580 ¹
483 1552 492 1568 ’
621 1549 765 1611 manerio
781 1548 822 1612 de
840 1549 1030 1626 Rvsuunorv,
1046 1552 1138 1612 tento
1152 1548 1194 1611 de
1209 1569 1283 1632 rege
1298 1569 1354 1631 per
1369 1549 1540 1612 servicium
1558 1546 1744 1611 medietatis

246 1651 302 1696 nn.
319 1632 342 1696 i.
358 1652 402 1698 m.
420 1638 455 1698 et
469 1655 542 1699 xxv.
554 1656 579 1699 a.
596 1655 655 1718 pro
669 1634 847 1700 medietate
864 1637 1001 1700 manerii
1016 1636 1055 1700 de
1074 1636 1243 1703 Sarnurou
1258 1639 1291 1699 et
1310 1635 1470 1715 Scauros,
1490 1639 1583 1700 tenta
1607 1634 1647 1698 de
1669 1652 1746 1718 rege

247 1739 308 1803 per
321 1721 491 1786 servicium
505 1722 696 1786 medietatis
711 1743 767 1789 un.
783 1724 808 1788 f.
824 1744 869 1789 m.

663 1861 855 1925 Edmuudus
869 1860 910 1925 de
930 1862 997 1941 (sic)
1016 1860 1120 1925 Blunt
1133 1861 1224 1925 dedit
1238 1861 1307 1947 regi
1321 1861 1344 1926 l.
1356 1883 1381 1927 s.
1398 1880 1455 1944 pro
1470 1859 1589 1925 relevio
1608 1879 1666 1924 suo
1687 1877 1746 1942 pro

622 1949 952 2100 rppdlipntatfeppanerii
968 1950 1008 2013 de
1035 1949 1184 2026 Buxrou,
1198 1955 1291 2013 tenta
1316 1948 1357 2012 de
1380 1968 1468 2032 rege,
1493 1967 1551 2032 per
1575 1945 1746 2012 servicium

360 1918 395 1967 A⁰
405 1918 505 1982 quinto.

670 2173 832 2238 Johannes
858 2175 899 2238 de
923 2176 955 2239 le
978 2174 1089 2254 Feeld,
1104 2174 1191 2239 filius
1218 2179 1253 2239 et
1275 2176 1366 2238 heres
1389 2174 1519 2238 Roberti
1534 2173 1575 2238 de
1589 2174 1622 2236 la
1637 2171 1747 2251 Feeld,

628 2263 721 2326 dedit
735 2265 805 2348 regi
820 2263 863 2329 lx.
875 2285 900 2328 s.
917 2284 975 2348 pro
990 2264 1107 2328 relevio
1122 2283 1190 2340 suc,
1206 2284 1262 2347 pro
1277 2263 1371 2326 terris
1387 2267 1422 2326 et
1436 2263 1633 2326 tenementis
1646 2262 1747 2325 tentis

244 2350 284 2413 de
308 2370 394 2433 rege,
418 2354 457 2414 ut
482 2349 523 2413 de
546 2350 694 2413 manerio
719 2348 758 2412 de
788 2349 958 2434 Guytyng‚
986 2349 1049 2434 que
1072 2349 1137 2414 fuit
1166 2350 1432 2434 Templariorum‚
1463 2351 1498 2413 in
1530 2369 1629 2412 manu
1660 2346 1744 2433 regis

244 2437 409 2516 existenti,
438 2437 602 2518 videlicet,
627 2458 683 2520 pro
715 2442 800 2502 terra
826 2438 867 2501 de
890 2439 1021 2516 Ruecn,
1048 2437 1171 2502 scilicet
1194 2457 1292 2521 quam
1318 2439 1432 2501 fratres
1461 2437 1582 2500 milicie
1614 2435 1742 2519 Templi

243 2522 425 2589 habuerunt
450 2523 492 2589 de
518 2525 602 2590 dono
629 2523 783 2588 Bernardi
807 2526 848 2589 de
873 2524 992 2590 Sancto
1006 2523 1157 2605 Walrico‚
1174 2546 1248 2588 cum
1272 2525 1339 2588 suis
1354 2524 1576 2609 pertinenciis,
1595 2526 1629 2586 et
1645 2542 1743 2607 quam

244 2612 376 2761 puidem
397 2617 520 2676 terram
542 2611 708 2698 predictus
732 2612 892 2677 Robertus
918 2612 1005 2676 filius
1029 2613 1162 2676 Roberti
1187 2613 1298 2677 tenuit
1324 2612 1364 2676 de
1389 2632 1465 2698 rege
1491 2632 1549 2695 per
1573 2611 1745 2675 servicium

262 2722 296 2764 x.
308 2722 334 2765 s.
350 2720 408 2784 per
423 2719 556 2767 annum.

371 2233 406 2283 ΔΟ
417 2232 505 2283 tercio.

669 2838 830 2902 Henricus
846 2839 886 2903 de
901 2838 1112 2924 Wylyngton,
1126 2839 1213 2903 filius
1236 2841 1272 2902 et
1287 2838 1377 2903 heres
1392 2838 1528 2902 Henrici
1542 2837 1583 2902 de
1599 2832 1747 2922 Wyling·

622 2929 692 3005 ton,
717 2926 810 2990 dedit
836 2925 986 3009 xxxiij.a.
1002 2924 1107 3010 iujo.
1125 2946 1183 3009 pro
1208 2925 1329 2991 relevio
1355 2946 1422 3003 rno,
1449 2946 1507 3007 pro
1532 2927 1677 2989 manerio
1702 2925 1743 2988 de

246 3013 456 3093 Conversari,
494 3017 527 3077 et
563 3013 758 3095 quibusdam
794 3016 889 3077 terris
924 3017 959 3077 et
994 3014 1192 3078 tenementis
1228 3015 1264 3075 in
1301 3013 1351 3078 Ira
1389 3011 1594 3079 Mouesnsnu
1642 3016 1743 3079 sux'ra

250 3098 483 3189 Sauuuua[sr]
504 3104 606 3166 tentis
621 3101 660 3164 de
675 3122 761 3186 rege,
776 3101 929 3165 videlicet
945 3102 1072 3166 dictum
1101 3104 1169 3182 (stc)
1199 3102 1379 3165 manerium
1397 3104 1466 3181 (stc)
1492 3102 1533 3164 de
1548 3100 1746 3166 Convnuneu

246 3211 301 3274 per
315 3191 484 3255 servicium
499 3210 529 3253 v.
541 3212 569 3255 c.
597 3209 803 3276 perannum,
818 3195 854 3253 et
867 3189 956 3252 dicta
973 3193 1054 3253 terre
1076 3194 1110 3253 et
1131 3192 1320 3253 tenemento
1335 3208 1394 3272 per
1416 3188 1585 3252 servicium
1600 3187 1738 3272 xxviij.s

249 3276 311 3363 iiij.
323 3274 358 3343 d.
375 3298 436 3361 per
450 3297 582 3343 annum.

393 2896 428 2945 A⁰
439 2897 491 2947 vi0.

396 3472 485 3524 offic
661 3413 801 3516 Thomas
826 3412 1119 3517 Rodberghndedit
1143 3414 1215 3500 regi
1236 3412 1336 3499 hijs.
1353 3411 1434 3497 ijo.
1450 3433 1508 3499 pro
1530 3412 1650 3517 relevio
1675 3433 1745 3517 ‚⁸¹¹0’

247 3596 363 3678 quarte
378 3490 552 3677 moissi·
567 3524 676 3675 ιπῗῖἓ
684 3500 869 3657 dissip?
884 3501 1550 3587 1113Μ(ῙΘΜΜΟῙῆῐθῃῐῆἀθῐθὲθιιθτ
1569 3522 1743 3568 semorum

286 3732 425 3796 Thomas
438 3731 480 3796 de
494 3728 652 3815 Berkeley
667 3729 758 3794 dedit
773 3729 887 3815 regio.
905 3750 1027 3794 marcas
1041 3748 1099 3814 pro
1113 3729 1232 3793 relevio
1249 3748 1317 3807 suo,
1331 3749 1390 3813 pro
1415 3728 1565 3794 omnibus
1588 3729 1680 3794 terris
1706 3732 1740 3794 st

245 3820 458 3901 tenementis,
475 3838 539 3904 que
552 3817 643 3884 idem
657 3816 799 3882 Thomas
813 3819 925 3882 tenuit
938 3818 979 3882 de
993 3837 1069 3902 rege
1084 3836 1140 3901 per
1154 3816 1333 3881 baroniam.
1492 3812 1496 3821 “

382 4016 480 4083 onj„
663 3955 831 4021 Johannes
854 3958 895 4060 de
921 3956 1138 4059 Bellocampo,
1164 3975 1250 4059 upus
1273 3952 1429 4019 heredum
1453 3954 1567 4033 Mario,
1593 3977 1657 4040 que
1680 3957 1746 4023 fuit

481 4057 488 4073 ·
618 4064 698 4108 uxor
721 4044 880 4109 Johaums
908 4044 1041 4125 Manet,
1067 4048 1218 4127 cognovit
1243 4062 1278 4107 se
1304 4046 1414 4109 tencre
1437 4048 1588 4127 quartam
1614 4048 1742 4128 partem

247 4137 383 4201 manerii
397 4137 438 4201 de
455 4137 611 4214 Maccus,
624 4138 751 4198 tentem
766 4132 808 4196 de
822 4152 909 4217 rege.

665 4270 849 4354 Philippus,
879 4268 967 4333 filius
996 4273 1031 4333 et
1060 4266 1155 4331 heres
1178 4264 1338 4331 Johannis
1365 4265 1524 4345 Baderou,
1553 4268 1646 4333 dedit
1674 4273 1746 4357 regi

278 4362 282 4369 '
391 4333 427 4384 ⁶⁴⁰
441 4343 478 4383 ¹⁰·
621 4358 649 4443 j.
665 4378 808 4421 marcam
831 4376 889 4440 pro
914 4355 1030 4420 relevis
1055 4376 1124 4433 suo,
1139 4354 1179 4418 de
1208 4374 1271 4417 uno
1295 4355 1472 4439 mesuagio,
1494 4354 1517 4420 l.
1542 4357 1624 4419 acris
1648 4361 1743 4441 terre,

247 4452 289 4533 vj.
313 4453 396 4515 acris
417 4450 512 4534 prati,
536 4451 572 4513 in
596 4449 703 4525 Ausa,
727 4451 761 4508 et
783 4443 945 4528 quandam
973 4444 1042 4523 (cic)
1068 4444 1240 4526 piscariam
1270 4443 1337 4521 (sic)
1361 4441 1397 4504 in
1427 4462 1511 4524 aqua
1540 4441 1677 4507 Sabrine
1703 4447 1744 4510 ad

245 4539 370 4602 dictum
387 4542 613 4602 tenementum
628 4554 702 4597 oum
719 4532 925 4617 pertinenciis
942 4532 1024 4612 (cic),
1040 4531 1083 4594 de
1097 4548 1174 4614 rege
1188 4550 1244 4613 per
1261 4528 1429 4593 servicium
1446 4528 1515 4612 xiij.
1527 4550 1553 4595 s.
1569 4530 1632 4614 iiij.
1643 4529 1676 4596 d.
1691 4554 1746 4617 per

246 4644 380 4691 annum.

665 4756 855 4843 Radulphns
881 4757 923 4821 de
949 4756 1101 4835 Stafford,
1128 4754 1185 4839 qui
1213 4752 1363 4843 [uxorem
1386 4752 1494 4841 duxit]
1516 4756 1744 4843 Margaretam,

456 4836 465 4869 ¹
500 4856 507 4869 ‘
616 4848 719 4913 filiam
754 4852 789 4911 et
824 4844 975 4910 heredem
1013 4844 1162 4928 Hugouis
1199 4844 1239 4906 de
1276 4842 1432 4923 Audeley,
1476 4862 1579 4927 nuper
1615 4848 1745 4913 comitis

247 4938 458 5016 Glonoestrie,
473 4941 509 5001 et
523 4937 716 5021 Magnete,
736 4954 840 5018 nuper
854 4934 1016 4997 comitisse
1032 4932 1242 5007 Glonoestrie,
1264 4932 1360 4993 unius
1385 4930 1523 4994 filiarum
1538 4928 1744 5000 etheredum

246 5027 389 5091 Gilberti
403 5027 443 5089 de
459 5024 560 5104 Clare,
571 5023 735 5110 quondam
750 5022 880 5086 comitis
901 5021 1118 5097 Glonoestrie,
1139 5015 1245 5105 [dedit
1259 5014 1344 5102 regi]
1365 5016 1388 5081 1.
1414 5037 1534 5081 marcas
1559 5018 1600 5083 de
1623 5022 1743 5087 relevio

245 5134 379 5197 suo,pr0
394 5114 496 5177 tercia
511 5118 602 5197 parte
616 5112 792 5175 comitatus
803 5109 1018 5186 Glonoestrie,
1035 5127 1098 5192 que
1112 5106 1246 5190 quidem
1261 5108 1362 5168 tercia
1387 5125 1459 5187 pars
1482 5107 1656 5172 comitatus
1670 5116 1744 5193 post

246 5208 384 5267 mortem
408 5200 548 5285 predicti
570 5200 713 5265 Gilberti
734 5197 808 5282 jure
834 5195 1027 5260 hereditario
1050 5192 1264 5258 descendebat
1278 5192 1403 5277 prefate
1417 5192 1610 5277 Margarets.

287 5343 387 5427 Hngo
410 5341 441 5404 le
466 5340 655 5424 Despenser,
677 5336 799 5422 junior,
813 5340 849 5401 et
862 5335 1023 5413 Alienora,
1038 5352 1118 5397 uxor
1142 5331 1223 5416 ejus,
1238 5330 1339 5395 altera
1363 5351 1506 5396 sororum
1531 5330 1738 5401 etheredum

246 5430 383 5516 predicti
398 5428 552 5508 Gilherti,
566 5430 741 5493 tenuerunt
755 5424 893 5490 alteram
907 5427 1034 5507 partem
1047 5421 1222 5485 comitatus
1238 5418 1449 5486 Gloucestrie.
