4117 6200
878 1016 975 1091 Ab.
1019 1017 1143 1090 1428.

696 1251 897 1341 [Mnuumuu
923 1275 966 1320 na
1002 1253 1315 1342 PISHOOBURY.]

299 1426 475 1511 Inquisicio
484 1431 578 1512 capta
586 1429 673 1511 apud
686 1426 948 1513 Sabrychworthe
960 1427 1080 1492 ultimo
1089 1427 1143 1491 die
1155 1430 1275 1492 mensis
1286 1429 1384 1513 Mayy
1394 1432 1461 1509 (sic)
1471 1449 1557 1493 anno
1567 1431 1660 1516 regni
1670 1432 1756 1514 regis

256 1513 389 1578 Haurici
404 1515 488 1578 sexti
502 1522 577 1598 post
590 1523 803 1600 conquestum
826 1517 979 1599 septimo,
993 1525 1103 1580 coram
1125 1514 1273 1580 Johanne
1295 1517 1363 1599 Tys
1378 1523 1413 1580 et
1429 1517 1525 1580 sociis
1548 1520 1625 1594 suis,
1641 1519 1757 1582 collec-

256 1601 379 1664 toribus
395 1601 561 1686 cujusdam
586 1602 721 1666 subsidii
735 1602 813 1687 vj.e.
830 1609 865 1668 et
892 1608 966 1667 octo
989 1603 1195 1667 denariorum
1217 1603 1259 1666 de
1273 1603 1422 1688 quolibet
1436 1604 1460 1668 f.
1476 1625 1520 1668 m.
1537 1605 1670 1669 domino
1685 1607 1757 1689 regi

257 1690 398 1751 concessi
422 1690 458 1751 in
483 1687 600 1754 ultimo
622 1691 838 1774 parliamento
860 1691 945 1774 apud
971 1681 1292 1755 westmonasterium
1315 1695 1418 1771 tento,
1440 1712 1497 1773 per
1516 1702 1756 1757 sacramentum

257 1773 423 1840 iohannes
450 1783 520 1840 atte
551 1777 664 1857 Wode,
702 1777 861 1842 Johaunis
890 1778 993 1858 Nona,
1023 1777 1147 1842 Thome
1178 1782 1249 1842 atta
1279 1776 1391 1859 Stoke,
1425 1777 1582 1843 Willelmi
1613 1779 1756 1864 Wryzte,

257 1860 415 1926 Johaunis
430 1862 555 1938 Bouke,
568 1863 726 1929 Johaunis
742 1864 922 1949 Bromeley,
939 1863 1100 1929 Johaunis
1114 1864 1274 1950 Skynner‚
1290 1865 1420 1929 Rioardi
1435 1865 1599 1952 Wolrych,
1615 1865 1758 1932 Simonis

256 1948 421 2030 Silvestre,
453 1950 585 2015 Roberti
615 1951 750 2036 Hukyn,
782 1951 922 2017 Galbidi
951 1953 1103 2032 Hammo,
1140 1953 1272 2018 Ricardi
1301 1952 1419 2032 Rsede,
1449 1952 1608 2018 Johaunis
1637 1955 1754 2035 Adam,

256 2035 277 2100 J
279 2035 415 2101 ohannis
430 2038 575 2117 Hoberd‚
588 2043 623 2103 et
636 2038 758 2104 Thome
772 2039 890 2126 Onger,
907 2041 965 2124 qui
986 2041 1104 2105 dicunt
1118 2060 1216 2124 super
1230 2046 1469 2106 sacramentum
1485 2061 1581 2105 suum
1603 2042 1689 2125 quod
1702 2065 1758 2108 z·-

300 2173 456 2238 Ricardus
497 2174 633 2260 Nsvyle,
671 2197 777 2241 comes
821 2176 1013 2258 Sarisburie,
1044 2177 1229 2241 Willelmus
1273 2177 1424 2258 Kresner,
1463 2177 1521 2263 qui
1565 2179 1758 2263 deponsavit

257 2261 423 2325 dominam
452 2262 493 2326 de
523 2263 633 2347 Sorop,
663 2284 719 2348 pro
748 2264 824 2329 dote
857 2285 926 2342 sua,
955 2271 989 2329 et
1018 2264 1159 2329 Thomas
1189 2264 1344 2329 Stokdala
1370 2269 1482 2330 tenent
1508 2267 1690 2330 manerium
1718 2267 1758 2333 de

259 2349 481 2429 Prsuooauar,
505 2351 541 2414 in
565 2352 724 2415 comitatu
749 2350 949 2432 Hertfordie,
975 2351 1177 2437 conjunctim
1204 2372 1262 2436 per
1285 2353 1350 2416 tria
1379 2351 1403 2417 f.
1428 2353 1472 2418 di.
1495 2353 1519 2416 f.
1546 2360 1581 2418 et
1607 2359 1758 2434 quartam

258 2442 384 2518 partem
399 2456 455 2502 un.
471 2437 496 2503 f.
512 2458 557 2505 m.
603 2438 644 2502 In
660 2439 753 2523 cujus
768 2440 817 2503 rei
834 2439 1061 2505 testimonium
1075 2443 1137 2504 etc.

301 2573 389 2637 Item
412 2574 525 2639 dicunt
550 2575 636 2659 quod
672 2576 831 2642 Ricardus
857 2576 956 2662 Scrop
980 2581 1032 2642 est
1055 2575 1149 2642 berea
1174 2577 1396 2661 predictorum
1419 2578 1587 2644 feodorum
1611 2585 1644 2644 et
1670 2579 1756 2648 infra

259 2663 382 2725 etatem
397 2669 431 2726 et
445 2663 481 2725 iu
496 2664 644 2730 custodia
657 2663 783 2730 domini
798 2665 896 2751 regis.

712 3008 931 3074 Haunaanuu
955 3027 998 3071 on
1021 3005 1314 3075 EDWYNSTRE.

303 3183 479 3269 Inquisioio
502 3190 597 3270 capta
619 3186 707 3271 apud
731 3186 972 3272 Buntyngiord‚
995 3185 1116 3271 xxiiij&
1138 3186 1193 3250 die
1215 3186 1336 3250 mensis
1357 3186 1451 3266 Maii,
1465 3207 1551 3253 anno
1566 3190 1659 3275 regni
1673 3192 1759 3277 regis

259 3272 394 3335 Henrici
419 3272 504 3337 serti
531 3277 604 3357 post
629 3280 843 3357 conquestum
869 3278 970 3352 sexto,
993 3292 1100 3336 coram
1124 3270 1272 3337 Johanne
1295 3274 1363 3357 Tye
1385 3276 1426 3338 de
1451 3273 1581 3360 Barley,
1595 3278 1758 3345 Willelmo

260 3359 385 3443 Conper
406 3358 446 3423 de
468 3359 623 3444 Royston,
640 3358 771 3425 Simone
786 3359 910 3431 Walter
933 3360 973 3423 de
989 3358 1167 3438 waltham,
1183 3359 1306 3426 Thome
1329 3360 1470 3426 Everard
1492 3363 1533 3426 de
1549 3363 1758 3449 Walyngton,

259 3446 426 3515 Willelmo
450 3447 527 3511 Loit
553 3447 593 3511 de
614 3446 801 3526 Asshawell,
823 3446 973 3512 Jobannc
989 3445 1100 3530 Atkyn
1122 3447 1164 3511 de
1187 3446 1305 3511 Sancto
1318 3448 1454 3530 Albano,
1469 3448 1618 3515 Jobanne
1644 3452 1758 3539 Bygge

260 3534 301 3599 de
327 3534 475 3616 Hatield,
497 3540 531 3602 et
560 3534 710 3599 Johanne
730 3535 868 3599 Andron
894 3535 934 3599 de
956 3532 1246 3619 Berkhampstede,
1259 3536 1507 3602 comissionariis
1527 3537 1651 3603 domini
1674 3542 1759 3626 regis

259 3622 300 3685 ad
316 3622 497 3686 subsidium
518 3622 733 3708 colligendum
748 3624 833 3688 infra
849 3624 1044 3687 comitatum
1065 3622 1254 3687 Hertiordie
1268 3623 1308 3688 de
1323 3624 1472 3708 qualibet
1487 3645 1624 3709 persona
1638 3627 1759 3707 saisita,

260 3716 298 3773 ut
313 3709 354 3773 de
369 3709 469 3774 libero
491 3716 689 3787 tenemento,
705 3731 766 3795 quc
781 3716 884 3775 terras
899 3716 933 3775 et
955 3714 1145 3773 tenementa
1166 3715 1258 3775 tenet
1273 3713 1308 3774 in
1323 3712 1500 3776 medietate
1522 3732 1579 3795 per
1593 3715 1758 3800 integrum

261 3796 392 3861 feodum
415 3798 532 3863 militis
558 3819 612 3863 sex
638 3799 812 3863 solidorum
840 3802 875 3862 et
900 3802 974 3862 octo
999 3797 1203 3861 denariatam
1228 3800 1323 3861 etsie
1346 3797 1442 3883 juxta
1467 3806 1573 3862 ratam
1588 3822 1691 3886 usque
1716 3802 1758 3865 ad

260 3889 410 3967 quartam
436 3892 562 3969 partem
588 3906 643 3950 un.
666 3886 689 3948 f.
708 3906 752 3948 m.
779 3887 948 3965 inclusive,
971 3886 1094 3948 virtute
1123 3885 1326 3969 quarundam
1355 3885 1540 3950 litterarum
1570 3888 1757 3969 pateuoium

259 3972 404 4054 ejusdem
430 3972 555 4037 domini
584 3994 619 4036 re
644 3974 670 4035 is
696 3973 818 4037 eisdem
844 3972 1093 4037 comissionariis
1115 3971 1192 4035 iude
1214 3971 1421 4048 directorum,
1443 3993 1500 4055 per
1522 3980 1759 4039 sacramentum

260 4058 417 4125 Willelmi
432 4059 576 4143 Martyn,
589 4059 630 4122 Jo
655 4060 748 4123 annis
763 4061 875 4140 Lutte,
890 4058 912 4122 J
913 4057 1053 4122 ohannis
1067 4057 1168 4137 Roke,
1184 4057 1314 4122 Ricardi
1337 4057 1459 4137 Fuller,
1482 4058 1504 4123 J
1505 4058 1640 4124 ohannis
1655 4063 1758 4140 Warr,

261 4144 390 4209 Ricardi
405 4145 538 4224 Jordan,
552 4146 711 4214 Willelmi
727 4145 867 4224 Halden‚
883 4146 905 4209 J
905 4144 1042 4209 ohannis
1056 4144 1184 4222 Hunte‚
1198 4144 1356 4212 Wiilelmi
1371 4144 1574 4226 Hooheman,
1597 4146 1620 4211 J
1620 4146 1757 4213 ohannis

262 4232 432 4316 Heyward‚
460 4232 617 4297 Johaunis
641 4232 801 4317 Hawkyn,
827 4240 862 4297 et
890 4232 1021 4296 Ricardi
1051 4230 1184 4311 Balcok,
1208 4230 1402 4316 juratorum,
1431 4234 1489 4317 qui
1518 4233 1634 4298 dicunt
1663 4257 1758 4321 super

262 4324 501 4383 sacramentum
517 4340 612 4385 suum
627 4319 713 4404 quod
725 4343 780 4385 :—

262 4543 370 4628 Thorp
384 4546 549 4629 qnondam
563 4544 686 4609 tenuit.

307 4684 399 4751 Prior
411 4683 451 4747 de
464 4683 628 4770 Augelsey
642 4688 735 4749 tenet
747 4682 792 4747 di.
807 4681 832 4750 f.
849 4701 895 4750 m.
911 4680 947 4744 in
961 4680 1086 4745 eadem.
1130 4677 1253 4761 Nicbil,
1269 4681 1348 4764 quia
1362 4693 1419 4749 1¹¹².

234 4900 235 4903 Ἴ
308 4822 459 4890 Matillda
472 4821 677 4892 Woderrarde
706 4827 796 4888 tenet
825 4820 871 4885 di.
896 4820 919 4883 i.
945 4841 990 4887 m.
1015 4822 1052 4883 in
1076 4819 1249 4900 Boanum,
1274 4820 1360 4903 quod
1388 4820 1554 4887 Jobannes
1584 4824 1759 4892 Lancaatre

263 4911 428 4995 quondam
442 4912 562 4976 tenuit.

308 5051 466 5117 Dominus
480 5051 521 5117 de
536 5050 649 5116 Skales
663 5053 754 5115 tenet
768 5048 817 5133 iij.
833 5049 856 5115 f.
872 5053 907 5115 et
921 5048 968 5117 di.
983 5068 1028 5115 m.
1045 5050 1080 5112 in
1095 5049 1298 5115 ansnnnas
1313 5051 1348 5111 et
1362 5048 1560 5117 Baauawar.

308 5190 476 5269 Ricardus,
503 5188 570 5253 dux
598 5188 735 5253 Eboraci
763 5184 815 5275 [ac
841 5187 976 5251 comites
1000 5184 1144 5251 Marobie
1165 5188 1201 5249 et
1225 5183 1378 5273 Ultonie]
1406 5190 1499 5251 tenet
1524 5206 1579 5253 un.
1607 5189 1631 5255 f.
1656 5210 1700 5255 m.
1724 5194 1761 5256 in

265 5280 384 5358 Ausus,
410 5276 573 5362 quondam
587 5276 690 5342 Maria
713 5275 754 5339 de
781 5274 901 5343 Sancto
924 5272 1038 5354 Paulo,
1063 5278 1099 5337 et
1120 5276 1170 5337 est
1192 5274 1228 5336 in
1249 5292 1351 5337 manu
1372 5274 1469 5359 regis,
1482 5277 1608 5340 ratione
1622 5278 1761 5342 minoris

266 5368 364 5430 etatis
378 5366 526 5449 ejusdem
542 5364 684 5431 Ricardi.

309 5502 492 5571 Willelmus
507 5502 624 5567 Hilton
640 5504 730 5565 tenet
745 5499 791 5565 di.
804 5499 828 5565 f.
839 5500 873 5563 in
889 5499 1056 5567 Houuann
1072 5498 1205 5577 Manui,
1218 5496 1385 5581 quondam
1399 5497 1421 5562 J
1422 5497 1557 5562 ohannis
1572 5497 1760 5569 Redesweli.
