4117 6200
267 625 330 690 404
908 621 1166 719 senescau.

308 909 450 974 Ecclesia
464 909 503 974 de
520 911 656 978 Issaeos
671 916 801 975 taxatur
814 912 856 1012 ad
872 911 963 995 xviij.
981 931 1103 976 marcas
1118 912 1163 975 di.
1211 909 1410 989 Subsidium,
1424 909 1529 997 xxiiij.
1541 929 1567 974 e.
1584 909 1653 992 viij.
1665 906 1699 972 cl.

270 1047 457 1198 ΜΕὲοΙεείιι
483 1049 524 1113 de
550 1049 671 1115 blaeso
696 1050 836 1116 Manena
863 1056 992 1113 taxatur
1020 1051 1095 1136 liiij.
1122 1070 1256 1114 marcas.
1303 1047 1503 1127 Subsidium,
1529 1069 1558 1111 v.
1573 1067 1680 1110 marce
1696 1068 1726 1112 v.
1737 1066 1766 1110 s.

268 1155 330 1220 1¹¹]-
368 1185 375 1200 .

310 1271 453 1337 Ecclesia
468 1273 508 1337 de
523 1274 691 1341 Wansonn
706 1294 780 1337 cum
795 1274 917 1357 capella
933 1277 1065 1336 taxatur
1079 1274 1120 1336 ad
1136 1274 1179 1338 xl.
1196 1294 1329 1338 marcas.
1362 1273 1561 1352 Subsidium,
1573 1274 1634 1359 iiij.
1648 1290 1766 1336 marce.

309 1409 452 1474 Ecclesia
467 1411 505 1474 de
519 1412 615 1476 Hosn
631 1412 830 1476 Manouennn
846 1431 909 1474 non
928 1416 1068 1491 taxatur,
1083 1417 1116 1476 et
1131 1413 1203 1476 ideo
1219 1412 1411 1492 subsidium,
1428 1413 1483 1497 vij.
1494 1431 1521 1476 e.
1539 1413 1609 1497 viij.
1623 1410 1657 1475 d.

485 1542 620 1606 Summa
634 1544 770 1607 subsidii
786 1544 991 1608 ecclesiarum
1007 1546 1226 1628 predictarum
1240 1547 1358 1608 t-xix.
1371 1547 1404 1610 li.
1423 1546 1493 1630 viij.
1505 1565 1532 1609 s.

715 1777 933 1844 Huunannun
957 1799 1000 1842 nn
1024 1777 1320 1845 IRCHINFELD.

312 1907 458 1971 Ecclesia
472 1909 511 1972 de
527 1909 767 1977 Panasssncwu
783 1914 914 1975 taxatur
929 1913 969 1974 ad
986 1913 1042 1997 xij.
1060 1933 1192 1976 marcas.
1239 1911 1437 1991 Subsidium,
1452 1913 1517 1999 xvj.
1528 1931 1555 1977 e.

309 2045 455 2110 Ecclesia
470 2046 510 2110 de
524 2048 750 2114 annnsncwu
766 2053 897 2114 taxatur
911 2051 952 2114 ad
968 2072 1041 2114 xxv.
1058 2070 1189 2114 marcas.
1236 2049 1437 2129 Subsidium,
1450 2053 1501 2138 iij.
1516 2072 1622 2115 marce
1638 2056 1673 2115 et
1687 2051 1733 2117 di.

311 2183 456 2248 Ecclesia
481 2186 521 2249 de
546 2186 703 2252 Bausaan
731 2208 804 2250 cum
829 2189 951 2271 capella
977 2191 1108 2252 taxatur
1133 2189 1253 2252 nuli.
1273 2190 1381 2275 xiij.s.
1400 2187 1507 2274 iiij.d.
1564 2189 1766 2267 Subsidium,

267 2270 318 2357 iij.
336 2290 442 2336 marce
457 2273 502 2358 xj.
514 2293 541 2337 s.
558 2275 620 2359 iiij.
632 2272 666 2339 d.

310 2405 455 2472 Ecclesia
469 2406 508 2472 de
523 2408 745 2476 Dnucmacna
761 2414 893 2473 taxatur
907 2409 949 2473 ad
964 2431 1015 2475 xx.
1034 2431 1166 2490 marcas,
1213 2411 1411 2492 Subsidium,
1427 2413 1463 2498 ij.
1479 2432 1596 2476 marce.

309 2545 452 2612 Ecclesia
467 2548 507 2612 de
522 2549 709 2616 Hausnsan
725 2553 852 2612 taxatur
867 2549 907 2612 ad
924 2571 974 2615 xx.
987 2551 1020 2616 li.
1069 2550 1270 2630 Subsidium,
1284 2573 1341 2632 xx,
1348 2573 1373 2617 s.

309 2685 457 2751 Ecclesia
474 2687 592 2755 Ssucm
606 2687 783 2755 Wsmssm
799 2691 929 2750 taxatur
945 2688 985 2750 ad
1001 2708 1053 2752 xx.
1070 2708 1203 2756 marcas.
1249 2688 1449 2767 Subsidium,
1464 2687 1500 2771 ij.
1518 2707 1633 2751 marce.

309 2818 452 2883 Ecclesia
477 2819 518 2883 de
545 2820 723 2886 nissum
748 2823 878 2884 taxatur
904 2821 945 2884 ad
969 2841 1021 2884 nx.
1038 2841 1172 2887 marcas.
1224 2820 1426 2898 Subsidium,
1441 2841 1493 2886 xx.
1506 2841 1532 2886 e.
1549 2827 1584 2884 et
1598 2840 1663 2883 non
1678 2819 1763 2903 plus,

266 2909 343 2991 quia
356 2912 472 2990 quarta
487 2927 557 2991 pars
572 2906 720 2991 parochie
735 2926 800 2970 non
815 2913 866 2971 est
882 2909 965 2972 insta
979 2910 1174 2972 comitatum
1189 2907 1379 2973 Herefordie
1394 2909 1450 2972 sed
1465 2908 1551 2972 infra
1566 2908 1729 2971 Walliam.

310 3044 454 3111 Ecclesia
469 3045 510 3109 de
527 3045 635 3113 Oacoe
650 3049 780 3110 taxatur
794 3045 834 3109 ad
852 3045 894 3133 vj.
909 3067 1045 3112 marcas.
1091 3045 1292 3125 Subsidium,
1305 3047 1349 3133 vj.
1359 3065 1385 3111 s.
1403 3047 1472 3133 viij.
1483 3045 1516 3113 d.

310 3186 456 3251 Ecclesia
468 3186 508 3249 de
523 3187 710 3252 Lsuwsanu
726 3190 856 3250 taxmur
871 3186 911 3250 ad
927 3208 978 3253 xx.
997 3207 1131 3254 marcas.
1177 3185 1377 3267 Subsidium,
1392 3188 1463 3273 xiij.
1476 3206 1501 3251 s.
1517 3188 1580 3273 iiij.
1593 3184 1627 3251 d.

307 3325 452 3389 Ecclesia
466 3324 505 3389 de
520 3324 590 3390 Fos
605 3328 737 3389 taxatur
752 3324 793 3387 ad
809 3347 839 3391 x.
856 3344 990 3389 marcas.
1037 3324 1238 3400 Subsidium,
1255 3324 1326 3409 xiij.
1337 3346 1362 3390 e.
1379 3326 1442 3411 iiij.
1453 3324 1486 3391 d.

309 3462 451 3528 Ecclesia
466 3462 506 3527 de
522 3463 686 3530 Gaanwss
700 3482 765 3525 non
781 3467 923 3542 taxatur,
940 3466 974 3526 et
989 3462 1062 3525 ideo
1076 3462 1269 3546 subsidium,
1286 3464 1364 3549 eje.
1381 3464 1453 3550 viij.
1466 3462 1500 3528 cl.

308 3596 452 3661 Ecclesia
466 3596 506 3660 de
521 3594 734 3661 Dawuswsnn
748 3614 813 3658 non
828 3598 967 3674 taxatur,
984 3600 1018 3659 et
1032 3595 1105 3659 ideo
1121 3595 1314 3673 subsidium,
1329 3595 1373 3680 vj.
1386 3614 1413 3661 e.
1431 3596 1499 3681 viij.
1510 3593 1544 3659 d.

309 3736 452 3801 Ecclesia
466 3733 507 3799 de
521 3734 714 3800 Launmssc
728 3753 793 3797 non
809 3738 949 3812 taxatur,
963 3738 997 3799 et
1020 3735 1095 3799 ideo
1110 3734 1292 3800 subsidium
1317 3734 1450 3813 ibidem,
1475 3735 1569 3813 nihil,
1596 3735 1673 3818 quia
1698 3753 1764 3796 non

267 3828 345 3889 sunt
358 3822 481 3887 ibidem
496 3843 527 3887 x.
544 3822 775 3887 inhabitantes.

309 3960 455 4026 Ecclesia
483 3961 609 4029 Sascha
633 3962 747 4028 Manna
769 3982 811 4027 sn
832 3962 992 4027 Bmcnas.
1039 3961 1224 4027 Subsidium
1240 3962 1374 4041 ibidem,
1388 3963 1482 4042 nihil,
1497 3965 1574 4049 quia
1597 3984 1662 4029 non
1685 3968 1764 4028 sunt

266 4050 390 4115 ibidem
405 4072 436 4115 x.
453 4047 682 4113 inhabitantes.

309 4184 452 4247 Ecclesia
466 4184 507 4247 de
523 4182 723 4249 Lasaosnan
738 4188 869 4247 taxatur
883 4185 924 4247 ad
939 4205 969 4251 v.
986 4206 1120 4251 marcas.
1166 4187 1355 4254 Subsidium
1380 4187 1465 4268 inde,
1480 4188 1574 4269 nihil,
1597 4192 1673 4274 quia
1697 4212 1762 4256 non

269 4278 346 4335 sunt
360 4293 391 4336 x.
408 4270 641 4336 inhabitantes.

312 4407 458 4471 Ecclesia
484 4408 525 4471 de
555 4408 690 4473 Bessan
723 4411 791 4488 (sic)
817 4428 881 4472 non
912 4414 1053 4477 taxatur.
1113 4412 1314 4491 Subsidium,
1342 4413 1437 4493 nihil,
1475 4416 1553 4500 quia
1588 4435 1652 4479 non
1685 4425 1763 4481 sunt

266 4516 298 4562 x.
326 4495 557 4559 inhabitantes.

310 4632 456 4697 Ecclesia
481 4632 521 4695 de
535 4633 625 4697 Anno
652 4632 868 4701 Moussanmo
895 4640 1026 4701 taxatur
1050 4639 1091 4701 ad
1117 4660 1147 4705 s.
1164 4659 1297 4705 marcas.
1345 4640 1531 4704 Subsidium
1552 4642 1641 4720 inde,
1666 4642 1763 4721 nihil,

267 4721 422 4806 quianon
438 4724 514 4782 suut
528 4740 559 4783 x.
575 4718 806 4786 inhabitantes.

484 4854 619 4920 Summa
634 4856 773 4921 subsidii
788 4858 994 4925 ecclesiarum
1009 4862 1227 4944 predictarum
1241 4864 1351 4948 :-xiJ'.
1361 4866 1395 4930 li.
1411 4866 1495 4950 xiiij.
1505 4884 1532 4929 e.

728 5101 946 5168 Huunsnuuu
970 5126 1013 5169 nn
1038 5105 1311 5173 STRETFORD.

307 5230 453 5297 Ecclesia
465 5231 506 5296 de
522 5232 644 5299 Puwun
659 5238 789 5298 taxatur
802 5234 843 5299 ad
859 5257 910 5302 xx.
928 5240 1050 5305 merke.
1097 5241 1296 5320 Subsidium,
1310 5243 1347 5327 ij.
1364 5242 1484 5306 merke.

266 5371 449 5523 ...Efflffli‘
476 5370 519 5434 de
549 5370 758 5438 Mosnsncue
785 5378 915 5440 taxatur
941 5379 982 5441 ad
1008 5380 1052 5465 vj.
1070 5382 1103 5446 li.
1131 5381 1175 5467 vj.
1192 5400 1219 5446 s.
1247 5380 1362 5469 viij.d.
1421 5378 1619 5457 Subsidium,
1649 5379 1759 5465 xiiis.

264 5480 328 5547 mJ.
366 5507 375 5525 .
