4117 6200
310 593 373 656 190
978 591 1128 663 ESSEX.

353 885 498 949 Ecclesia
521 886 560 949 de
583 884 804 951 erumnosus
827 889 958 951 taxatur
982 887 1022 951 de
1048 907 1129 951 novo
1152 887 1221 974 viij.
1238 900 1372 953 marcas}
1417 885 1537 970 Nichil,
1553 890 1629 973 quia
1644 888 1678 951 in
1693 886 1806 953 eadem

306 973 484 1145 pperppptraam
494 993 558 1036 uon
596 978 672 1037 sunt
701 979 753 1034 1⁰²
790 993 923 1058 persone
953 973 1183 1057 inhabitantes,
1215 982 1311 1060 prout
1339 980 1430 1060 patet
1468 997 1526 1061 per
1560 976 1806 1061 inquisicionem

353 1199 496 1265 Ecclesia
511 1201 553 1264 de
570 1202 731 1267 missos
746 1206 877 1266 taxatur
891 1201 932 1266 ab
946 1201 1082 1285 antiqno
1097 1202 1141 1268 xl.
1157 1222 1291 1269 marcas.
1337 1201 1538 1287 Subsidium,
1553 1202 1614 1287 liij.
1627 1226 1653 1269 s.
1677 1201 1739 1286 iiij.
1752 1203 1783 1267 d.

829 1339 1006 1403 Penciones
1020 1339 1098 1424 xvij.
1109 1362 1135 1405 s.
1152 1340 1213 1425 iiij.
1224 1342 1256 1405 d.

829 1475 999 1541 Porciones
1014 1478 1091 1543 ima.
1109 1476 1151 1563 vj.
1163 1480 1194 1542 cl.
1211 1490 1256 1563 q·.

354 1618 488 1681 Summa
503 1615 726 1701 parochiarum
740 1622 961 1687 amarescat
978 1618 1064 1682 ultra
1078 1617 1152 1703 clxj.
1170 1620 1203 1685 li.
1220 1618 1263 1703 vj.
1276 1642 1302 1685 s.
1320 1619 1388 1703 viij.
1400 1621 1431 1684 d.
1492 1620 1576 1683 Item
1599 1618 1634 1703 ij.
1658 1616 1806 1702 parochie

306 1704 391 1769 infra
404 1725 436 1772 x.
452 1726 585 1771 marcas.

722 1841 857 1906 Summa
871 1841 1006 1907 subsidii
1020 1843 1085 1928 xvj.
1100 1844 1133 1908 li.
1150 1842 1214 1929 xvj.
1228 1867 1253 1909 s.

721 1980 855 2045 Summa
872 1982 1072 2065 superoneris
1088 1981 1173 2065 xxvj.
1184 2003 1210 2046 s.
1227 2002 1258 2047 x.
1272 1982 1303 2046 d.
1321 2002 1341 2065 q
1358 2030 1365 2046 .

779 2247 999 2313 Huunaanuu
1021 2266 1065 2313 nn
1089 2245 1340 2315 TENDRYNG.

354 2410 498 2475 Ecclesia
510 2409 551 2475 de
568 2411 692 2478 Sauum
707 2412 832 2479 Osrrns
845 2414 977 2476 taxatur
990 2412 1031 2476 ab
1046 2413 1179 2495 antiquo
1194 2432 1267 2477 xxx.
1284 2430 1418 2479 marcas.
1463 2410 1662 2491 Subsidium,
1675 2412 1718 2476 xl.
1736 2434 1762 2477 s.

352 2549 496 2615 Ecclesia
520 2551 561 2614 ds
587 2551 695 2617 Passus
718 2550 861 2616 Homus
886 2555 1014 2615 taxatur
1039 2550 1231 2635 abantiquo
1246 2571 1276 2615 v.
1293 2571 1425 2617 marcae.
1472 2550 1591 2631 Nichil,
1606 2552 1683 2636 qnia
1705 2548 1799 2638 [non]

309 2645 386 2703 sunt
398 2644 453 2705 ιω
467 2658 600 2725 persone
615 2638 848 2720 inhabitantes,
865 2644 964 2723 prout
979 2643 1072 2722 patet
1086 2660 1143 2723 per
1157 2640 1418 2723 inquisicionem.

308 2864 378 2950 viij.
395 2866 428 2931 d.

354 3003 498 3069 Ecclesia
511 3004 550 3067 de
564 3003 686 3071 Misus
702 3003 852 3071 Cusmou
869 3007 997 3068 taxatur
1010 3002 1201 3089 abantiquo
1217 3024 1289 3068 xxx.
1305 3023 1438 3069 marcas.
1484 3002 1682 3085 Subsidium,
1698 3003 1741 3068 xl.
1758 3026 1783 3069 s.

353 3143 482 3210 Vicaria
495 3143 639 3230 ejusdem
657 3148 787 3208 taxatur
800 3142 987 3226 abantiquo
1002 3164 1031 3208 c.
1049 3166 1076 3208 c.
1122 3142 1321 3222 Subsidium,
1337 3142 1380 3228 vj.
1391 3166 1418 3209 s.
1434 3143 1503 3227 viij.
1516 3143 1549 3212 d.

334 3283 496 3435 ”chplaeia
520 3284 561 3348 de
588 3284 697 3350 Pauus
722 3282 873 3351 Cnsmore
901 3287 1032 3348 tumtur
1056 3283 1097 3348 ab
1121 3286 1255 3368 antiquo
1280 3303 1310 3348 v.
1327 3303 1461 3348 marcas.
1507 3281 1705 3362 Subsidium,
1721 3280 1763 3366 vj.
1780 3304 1806 3346 a.

311 3392 380 3456 vrrJ.
424 3421 431 3437 .

334 3510 499 3662 Ιἕζοὲὴείε
513 3511 553 3574 de
568 3510 688 3576 Mesua
705 3511 818 3576 Ossan
835 3514 965 3574 taxatur
979 3510 1020 3574 ab
1035 3511 1169 3596 antiquo
1195 3531 1248 3575 xx.
1276 3529 1409 3576 marcas.
1456 3508 1652 3589 Subsidium,
1680 3507 1764 3592 xxvj.
1781 3530 1807 3572 s.

310 3618 380 3682 sup.
422 3646 431 3666 .

312 3736 497 3887 ..pglfflia
522 3736 562 3799 de
588 3736 695 3801 Pauus
723 3737 835 3802 Osann
862 3740 992 3799 taxatur
1015 3735 1056 3800 ab
1082 3737 1216 3820 antiquo
1239 3758 1270 3802 x.
1296 3757 1427 3803 marcas.
1474 3735 1671 3816 Subsidium,
1697 3734 1765 3820 xiij.
1782 3757 1807 3800 s.

309 3845 372 3909 sup.
415 3872 423 3890 .

357 3962 500 4027 Ecclesia
514 3962 556 4027 de
571 3961 685 4028 Tuoun
699 3964 828 4026 taxatur
842 3960 1031 4046 abantiquo
1046 3983 1077 4026 x.
1095 3963 1129 4026 li.
1175 3961 1372 4044 Subsidium,
1387 3985 1438 4028 xx.
1455 3985 1481 4028 s.

357 4101 500 4166 Ecclesia
514 4101 553 4166 de
569 4103 721 4168 Kmsnar
736 4103 866 4164 taxatur
879 4100 921 4166 ab
935 4101 1071 4184 antiquo
1087 4121 1118 4166 x.
1135 4120 1267 4167 marcas.
1313 4101 1514 4181 Subsidium,
1528 4102 1598 4186 xiij.
1610 4125 1635 4167 a.
1659 4101 1707 4186 iij.
1721 4099 1756 4165 d.

357 4241 500 4307 Ecclesia
514 4240 553 4304 de
568 4241 711 4309 Wsmou
727 4245 858 4305 taxatur
872 4241 913 4305 ab
927 4241 1062 4326 antiquo
1076 4239 1133 4325 xij.
1150 4261 1281 4306 marcas.
1328 4240 1526 4322 Subsidium,
1543 4241 1607 4326 xvj.
1624 4263 1651 4308 s.

357 4379 499 4445 Ecclesia
513 4380 554 4444 de
569 4380 751 4446 Tanusius
766 4384 895 4445 taxatur
909 4380 951 4443 ab
965 4381 1099 4464 antiquo
1114 4400 1145 4446 x.
1162 4399 1296 4445 marcas.
1342 4378 1539 4460 Subsidium,
1556 4378 1625 4464 xiij.
1638 4401 1664 4444 s.
1688 4377 1748 4462 iiij.
1763 4376 1795 4442 d.

358 4519 403 4583 Et
426 4522 601 4582 onerantur
621 4539 714 4603 super
737 4523 923 4603 compotum
950 4519 990 4581 de
1013 4517 1050 4602 ij.
1068 4541 1094 4584 s.
1121 4519 1161 4582 de
1187 4518 1328 4583 subsidio
1353 4518 1521 4600 cujusdam
1537 4518 1701 4602 pancionis
1716 4537 1766 4580 xx.
1784 4539 1809 4580 s.

312 4606 531 4758 pppppssrppppp
549 4605 674 4756 6Spncte
699 4605 815 4671 Osithe
841 4607 980 4689 percipit
1006 4607 1043 4668 in
1067 4607 1179 4670 eadem
1209 4606 1352 4684 ecclesia,
1381 4605 1530 4669 videlicet
1556 4604 1652 4690 juxta
1675 4605 1810 4668 formum

525 4745 534 4774 ,
600 4742 608 4760 .

357 4829 500 4894 Ecclesia
515 4828 557 4894 de
573 4831 748 4896 Annssoan
763 4833 892 4893 taxatur
905 4828 946 4895 ab
961 4830 1095 4912 antiquo
1110 4851 1138 4893 c.
1156 4851 1181 4894 s.
1227 4828 1427 4911 Subsidium,
1442 4829 1486 4915 vj.
1499 4853 1525 4896 s.
1545 4829 1611 4915 viij.
1624 4829 1658 4896 d.

357 4969 502 5035 Ecclesia
516 4970 556 5033 de
570 4969 693 5037 Wuxss
707 4972 840 5032 taxatur
853 4968 1044 5052 abantiquo
1059 4967 1117 5052 vij.
1132 4988 1268 5038 marcas.
1314 4968 1513 5051 Subsidium,
1530 4969 1574 5054 vj.
1586 4993 1613 5036 a.
1630 4969 1700 5055 viij.
1711 4967 1746 5036 d.

358 5107 505 5172 Ecclesia
518 5107 558 5171 de
573 5108 775 5174 Basnasann
790 5110 919 5170 taxatur
933 5105 975 5170 ab
988 5108 1125 5191 antiquo
1139 5107 1196 5191 xij.
1213 5127 1347 5176 marcas.
1392 5108 1591 5178 Subsidium.
1608 5109 1672 5194 xvj.
1689 5132 1715 5175 s.

358 5246 501 5312 Ecclesia
517 5247 556 5311 de
571 5246 780 5314 Wuassusss
799 5249 927 5309 taxatur
942 5244 983 5310 ab
998 5245 1134 5330 antiquo
1149 5266 1179 5312 v.
1195 5267 1328 5314 marcas.
1376 5245 1573 5328 Subsidium,
1590 5247 1633 5332 vj.
1646 5269 1672 5313 s.
1695 5246 1764 5335 viij.
1778 5244 1812 5313 d.

357 5386 501 5451 Ecclesia
515 5386 555 5450 de
581 5385 694 5452 Suown
709 5385 831 5452 hirsus
857 5386 988 5447 taxatur
1014 5383 1056 5448 ab
1081 5386 1149 5447 anti
1174 5404 1215 5448 uo
1237 5405 1269 5451 x.
1295 5405 1426 5451 marcas.
1473 5385 1673 5466 Subsidium,
1697 5387 1768 5473 xiij.
1785 5409 1811 5452 s.

315 5476 378 5564 iiij.
394 5472 429 5574 d,
481 5471 578 5562 [Note
593 5484 624 5540 to
640 5474 713 5556 this,
730 5474 795 5538 and
810 5472 860 5538 tho
870 5472 1052 5555 precedinp,
1070 5406 1174 5562 onuph
1195 5474 1348 5557 quianon
1363 5473 1398 5536 in
1414 5473 1561 5558 registro.
