4117 6200
292 622 360 692 454
910 623 1166 693 HER'I'FORD.

296 926 469 983 sessorum,
492 929 548 986 per
570 915 808 974 sacramentum
838 910 998 976 Johannis
1029 911 1213 996 Irpegrave,
1243 910 1402 974 Willelmi
1440 909 1594 993 Derlyng,
1631 907 1795 973 Johannis

295 992 439 1074 Aylmm,
470 993 591 1059 Thome
620 995 718 1074 Blow,
757 998 914 1062 Willelmi
953 999 1088 1083 Mayrel‚
1121 997 1244 1064 Thome
1280 998 1444 1083 Angstyn,
1483 996 1641 1060 Willelmi
1679 995 1795 1073 Weue,

295 1079 452 1143 Johannis
482 1082 593 1160 Garle,
625 1084 779 1147 Willelmi
802 1085 942 1171 Byndyl,
964 1085 1095 1149 Ricardi
1117 1085 1257 1163 Brasier,
1281 1085 1439 1149 lobannis
1462 1083 1585 1169 prpe,
1606 1088 1641 1147 et
1668 1084 1794 1147 Tharne

296 1165 395 1250 (isay,
417 1166 599 1251 juratorum
624 1177 658 1235 et
684 1175 888 1236 oneratorum
910 1194 968 1256 pro
993 1174 1126 1236 domino
1149 1194 1235 1258 rege,
1257 1174 1314 1257 qui
1336 1173 1454 1235 dicunt
1476 1191 1534 1253 per
1554 1174 1794 1233 sacramentum

295 1274 390 1317 suum
406 1256 490 1339 quod
504 1278 558 1318 :—

339 1416 378 1478 In
397 1416 552 1565 lparochia
576 1420 617 1483 de
640 1422 795 1489 Bronava
817 1443 882 1488 non
904 1427 981 1487 sunt
1002 1424 1068 1487 nisi
1083 1423 1139 1508 vij.
1157 1422 1377 1487 inhabitantes
1400 1419 1566 1484 domicilia
1589 1423 1741 1483 tenentes
1756 1424 1793 1483 et

295 1523 358 1567 non
374 1523 395 1586 p
410 1525 494 1570 ures.

337 1641 378 1705 In
393 1641 544 1726 parochia
559 1645 599 1707 de
616 1646 791 1713 Oucnannn
806 1668 870 1711 non
885 1655 963 1713 sunt
980 1651 1043 1714 nisi
1061 1670 1115 1713 sex
1131 1648 1355 1714 inhabitantes
1370 1647 1510 1711 domicia
1525 1651 1686 1709 tenentes.

337 1779 376 1843 In
393 1782 542 1862 parochia
556 1784 596 1846 de
612 1785 799 1851 Rsnswnnn
814 1807 878 1850 non
894 1792 972 1851 sunt
987 1788 1053 1851 nisi
1068 1788 1125 1873 vij.
1142 1786 1369 1851 inhabitantes
1383 1789 1447 1849 eto.

338 1918 377 1982 In
391 1919 543 2003 parochia
557 1921 598 1985 de
613 1922 817 1990 Tristomon
832 1946 896 1989 non
911 1932 990 1990 sunt
1004 1927 1070 1990 nisi
1084 1931 1159 1991 octo
1173 1925 1395 1990 inhabitantes
1410 1928 1472 1989 etc.

337 2055 377 2118 In
390 2055 542 2138 parochia
557 2057 598 2121 de
612 2059 851 2127 Baaurnssann
867 2083 931 2125 non
947 2067 1024 2126 sunt
1039 2061 1265 2127 inhabitantes
1280 2066 1342 2127 etc.

336 2190 376 2254 In
390 2194 540 2275 parochis
555 2194 596 2257 de
613 2194 780 2262 Wlnrrnns
794 2218 859 2261 non
874 2206 953 2263 sunt
968 2197 1189 2265 inhabitantes
1204 2204 1266 2265 etc.

336 2330 480 2396 Ecclesia
500 2329 572 2419 [de]
594 2334 785 2402 Gannscosa
801 2338 889 2402 valet
910 2359 968 2422 per
982 2360 1107 2403 annum
1122 2340 1185 2423 iiij.
1197 2342 1231 2405 li.
1250 2338 1292 2421 vj.
1304 2361 1331 2403 s.
1350 2337 1461 2421 viij.d.
1479 2342 1514 2401 et
1537 2357 1604 2401 non
1626 2340 1703 2401 sunt
1725 2336 1793 2397 nisi

292 2417 349 2501 vij.
365 2416 587 2485 inhabitantes
601 2421 769 2489 domicilia
783 2429 934 2491 tenentes
948 2432 1011 2492 etc.

336 2552 376 2616 In
391 2553 484 2637 cujus
499 2556 545 2619 rei
559 2557 789 2622 testimonium
803 2564 866 2623 etc.

339 2957 515 3044 Inquisicio
545 2965 641 3044 capta
669 2963 757 3046 apud
788 2963 947 3030 Sanctum
977 2965 1139 3028 Albanum
1171 2966 1225 3028 die
1254 2964 1347 3027 Luue
1377 2964 1523 3045 proximo
1551 2966 1629 3025 ante
1666 2959 1790 3024 festum

295 3044 503 3112 Pentecostes
516 3068 601 3112 anno
616 3055 709 3134 regni
725 3051 811 3136 regis
825 3051 962 3116 Henrici
978 3054 1062 3116 sexti
1077 3058 1150 3137 post
1166 3055 1379 3138 conquestum
1394 3055 1496 3128 sexto,
1512 3068 1618 3113 coram
1640 3045 1791 3151 Johanne

294 3133 438 3218 Atelryn,
461 3134 614 3220 Philippo
637 3137 779 3224 Bryggs,
793 3144 828 3203 et
849 3140 933 3220 aliis,
956 3140 1182 3205 collectoribus
1212 3140 1338 3204 domiui
1368 3141 1451 3224 regis
1482 3139 1567 3202 inira
1596 3139 1791 3200 comitatum

294 3221 479 3286 Hertfordie
500 3223 637 3288 duorum
661 3227 877 3290 subsidiorum
899 3229 936 3292 in
958 3228 1077 3291 ultimo
1100 3229 1317 3311 parliamento
1347 3227 1433 3309 apud
1460 3225 1790 3288 westmonasterium

292 3311 385 3372 tento
414 3329 647 3388 concessorum,
684 3333 781 3396 super
811 3306 1051 3378 sacramentum
1082 3315 1239 3380 Willelmi
1276 3313 1461 3390 Fraunceis‚
1498 3311 1630 3374 Ricardi
1668 3309 1792 3412 Gowlc,

294 3394 454 3459 Johannis
479 3396 617 3478 Palmer,
647 3399 805 3464 Johannis
829 3401 938 3480 Basse,
964 3401 1123 3467 Johannis
1146 3402 1263 3480 Adam,
1296 3400 1426 3464 Roberti
1456 3399 1603 3482 Belamy,
1632 3397 1792 3463 Johanms

295 3482 397 3566 Payn,
418 3482 577 3548 lobannis
599 3485 711 3570 Colyn‚
734 3485 895 3551 Johannis
917 3489 1009 3573 Poly,
1022 3489 1181 3553 Willelmi
1198 3489 1302 3574 Tylen
1317 3487 1474 3550 Johaunis
1493 3487 1600 3570 Hyde,
1613 3497 1645 3549 et
1667 3485 1791 3547 Thome

295 3569 419 3653 Isewya
441 3571 627 3654 juratorum
650 3579 685 3638 et
707 3575 935 3639 honeratorum
953 3580 1021 3656 (sic)
1048 3598 1104 3660 pro
1127 3579 1258 3640 domino
1274 3595 1359 3660 rege,
1375 3577 1431 3659 qui
1446 3575 1561 3637 dicunt
1576 3594 1671 3654 super
1686 3591 1789 3635 sacra-

295 3662 444 3721 mentum
458 3678 554 3722 suum
570 3661 655 3744 quod
672 3683 725 3724 :—

338 3820 379 3883 In
401 3820 554 3904 parochia
575 3824 615 3888 dc
638 3824 795 3892 Gaurana
817 3847 886 3892 non
903 3832 980 3891 sunt
994 3828 1060 3890 nisi
1075 3828 1132 3910 vij.
1150 3827 1371 3893 inhabitantes
1385 3826 1551 3892 domicilia
1565 3827 1742 3902 tenendos,
1759 3829 1793 3888 et

295 3927 360 3971 non
372 3909 480 3991 pluras
493 3931 550 3994 per
564 3919 801 4003 sacramentum
817 3915 1014 3998 predictum.

337 4046 378 4110 In
393 4045 543 4129 parochia
556 4049 597 4114 da
613 4051 849 4118 Onmassanoa
865 4072 930 4115 non
945 4058 1025 4117 sunt
1040 4054 1104 4117 nisi
1119 4054 1190 4136 viij.
1206 4051 1429 4118 inhabitantes
1443 4059 1505 4117 etc.

337 4197 378 4260 In
393 4196 546 4280 parocbia
559 4198 599 4264 de
614 4202 725 4268 Arora
747 4202 979 4271 Mousti-*acmes
994 4224 1058 4269 non
1075 4213 1155 4269 sunt
1169 4208 1232 4270 nisi
1248 4207 1291 4291 vj.
1307 4205 1528 4269 inhabitantes
1544 4207 1606 4266 sto.

336 4331 404 4413 Qua
417 4330 549 4397 ecclesie
562 4335 756 4397 estimantur
770 4335 857 4400 inira
871 4336 1078 4403 hundredum
1094 4339 1134 4402 de
1151 4339 1346 4404 Bradwstsr.

336 4470 376 4532 In
391 4468 484 4553 cujus
499 4471 547 4535 rei
559 4476 621 4538 ete.

335 4605 422 4669 Item
437 4606 563 4685 dicunt,
577 4608 662 4692 quod
676 4610 710 4672 in
726 4611 876 4694 parochia
889 4611 929 4676 de
945 4612 1145 4682 Drasswsnu
1168 4635 1232 4678 non
1249 4621 1326 4679 sunt
1348 4617 1412 4678 nisi
1428 4614 1470 4698 vj.
1487 4612 1708 4675 inhabitantes
1723 4615 1789 4678 eto.

298 4689 452 4780 [sassa]

771 4887 860 4894 -.---.
883 4889 1045 4896 --.——-—-—-.
1069 4892 1178 4898 ..—.-....-
1198 4892 1222 4898 ...
1234 4892 1270 4898 ---
1287 4891 1311 4898 -

334 5044 498 5109 Particulc
527 5048 670 5131 compoti
699 5046 862 5114 Johannis
892 5051 960 5135 'lys
988 5052 1030 5117 de
1060 5053 1187 5139 Berley‚
1219 5053 1377 5118 Willelmi
1408 5053 1534 5136 Conper
1562 5051 1603 5116 ds
1632 5050 1791 5134 Royston,

291 5131 433 5197 Simonis
447 5132 572 5196 Walter
597 5135 637 5198 de
663 5135 828 5199 Waltham
857 5139 977 5206 Sancte
1008 5137 1166 5228 [Crucis],
1192 5142 1314 5205 Thome
1345 5139 1485 5205 Everard
1515 5139 1556 5203 de
1586 5138 1793 5222 Wslington‚

290 5219 451 5283 willelmi
474 5219 550 5283 Ioft
571 5220 612 5284 de
633 5221 818 5300 Asshewell,
840 5223 1002 5292 Johannis
1023 5229 1136 5311 Atkyn
1151 5229 1190 5291 ds
1215 5229 1336 5296 Sancto
1350 5227 1485 5307 Albano,
1507 5226 1667 5290 Johannis
1682 5223 1790 5310 Bigge

290 5307 331 5372 de
360 5306 507 5385 nasseto,
536 5312 571 5372 et
600 5306 759 5371 Johannis
788 5311 945 5378 Andreae
975 5315 1015 5378 de
1047 5315 1332 5398 Berkhampstede.
1373 5314 1579 5378 collectorum
1618 5312 1788 5397 cujusdam

289 5393 428 5458 subsidii
456 5394 493 5458 in
523 5395 682 5457 comitatu
713 5395 917 5479 Hertfcrdie,
949 5406 1012 5466 etc.
1048 5407 1094 5481 (as
1109 5413 1144 5466 at
1161 5427 1195 5488 p.
1214 5407 1274 5469 184
1292 5405 1330 5486 os
1347 5403 1408 5468 this
1426 5403 1509 5481 rot),
1539 5401 1624 5486 quod
1655 5399 1790 5484 quidem

288 5480 470 5546 subsidium
485 5481 566 5544 solvi
580 5481 677 5546 debet
691 5482 728 5548 in
743 5484 826 5549 festo
848 5485 1059 5553 Pentecostes
1073 5490 1161 5554 dicto
1176 5511 1263 5553 anno
1278 5491 1347 5564 vim.
