4117 6200
290 609 353 672 434
910 598 1166 667 HERTFORD.

336 894 406 959 Odo
434 891 557 982 [Eudo]
588 893 627 958 de
657 892 803 956 Peletoot
832 887 1009 977 [Poletot],
1024 886 1189 953 Johannes
1212 885 1252 949 de
1276 883 1482 964 Blakemere,
1497 886 1612 947 tenent
1635 887 1787 966 quartam

292 985 418 1067 partem
433 1003 490 1048 un.
507 981 530 1047 f.
547 1001 591 1046 m.
608 981 648 1045 de
662 978 812 1068 Johanna
828 975 929 1041 Wake
943 978 979 1040 in
995 976 1212 1042 annunan.

335 1123 357 1186 J
357 1121 501 1186 ohannes
523 1120 676 1186 Godeirei
696 1114 904 1206 [Godefrey],
921 1117 1006 1200 prior
1021 1113 1136 1179 Sancti
1151 1110 1372 1176 Bartholomei
1386 1110 1565 1190 Londonie,
1582 1110 1727 1195 Rogerus
1747 1108 1788 1172 de

293 1209 396 1287 Lude,
419 1209 582 1274 Johannes
607 1207 649 1271 de
674 1206 707 1269 la
732 1206 853 1284 Penne,
879 1203 1044 1269 Johannes
1059 1201 1263 1286 capellanus,
1278 1203 1394 1265 tenent
1419 1199 1465 1265 di.
1483 1199 1506 1263 1.
1523 1219 1568 1264 m.
1585 1197 1624 1262 de
1638 1197 1788 1262 Johanne

294 1296 408 1361 Oomin
431 1293 584 1383 [Oomyn]
606 1296 642 1359 in
657 1293 811 1362 inuno.

337 1433 497 1500 Robertus
512 1433 553 1497 de
567 1431 741 1496 Kersehroc
763 1426 977 1517 [Kersebrok]
998 1430 1089 1491 tenet
1102 1428 1251 1510 quartam
1267 1427 1395 1508 partem
1409 1442 1465 1488 un.
1482 1422 1506 1487 1.
1523 1442 1568 1486 m.
1580 1423 1617 1484 in
1633 1421 1787 1489 Tutunus.

336 1570 496 1636 Henricus
526 1569 684 1654 Gobyoun
713 1572 749 1632 et
778 1567 890 1633 Simon
921 1565 1013 1630 Balle
1042 1567 1155 1629 tenent
1183 1563 1277 1629 (11.1.
1302 1561 1405 1628 m.de
1435 1558 1589 1626 Johanna
1617 1557 1720 1622 Wahe
1752 1559 1788 1622 in

297 1661 508 1728 Snsnnunonn
530 1652 790 1745 [achamom]

296 1795 597 1948 Hilugodiiardoli
613 1798 648 1859 et
669 1791 844 1857 Ancelmus
866 1789 1026 1876 Gobyoun
1048 1792 1165 1854 tenent
1181 1787 1210 1872 j.
1226 1786 1250 1854 f.
1267 1805 1312 1853 m.
1329 1787 1365 1850 in
1387 1784 1600 1856 Suseunucnn
1615 1782 1655 1847 de
1669 1783 1790 1847 comite

331 1904 432 1947 creor
454 1904 498 1948 1e.

295 2102 317 2167 J
337 2013 515 2166 hiemis
521 2013 570 2164 lde
585 2012 686 2097 Parys
700 2014 791 2076 tenet
813 2014 960 2075 octavam
983 2011 1112 2094 partem
1134 2027 1191 2073 un.
1207 2007 1231 2073 1.
1247 2027 1292 2072 m.
1308 2007 1343 2070 in
1366 2005 1728 2072 Hunnronnmcnnunn
1749 2002 1791 2067 de

318 2121 336 2165 o
359 2121 444 2166 anna
501 2121 572 2167 ae.

338 2239 496 2303 Dominus
510 2238 669 2322 Aymsrns
691 2232 899 2325 [Adomarus]
920 2234 960 2300 de
974 2232 1130 2298 Valenoia
1152 2235 1245 2297 tenet
1266 2232 1446 2297 manerium
1461 2229 1502 2295 de
1524 2229 1716 2299 Juvuunsns
1731 2248 1791 2313 pro
1908 2212 1911 2216 ⁴

296 2331 411 2412 quarta
426 2331 518 2411 parte
532 2346 588 2391 un.
605 2326 628 2390 1.
645 2345 689 2392 m.

339 2467 497 2570 pominus
522 2463 684 2530 Johannes
706 2463 746 2527 de
771 2462 876 2528 Meles
899 2465 992 2528 tenet
1017 2460 1153 2528 Psavsu
1175 2459 1424 2528 Bmmmsmn
1440 2458 1479 2522 de
1494 2457 1625 2525 domino
1639 2475 1718 2542 rege
1732 2475 1792 2540 per

298 2573 523 2640 serJaunc1am.

341 2691 481 2757 Domine
509 2691 616 2776 Agnes
644 2689 686 2754 de
714 2688 868 2753 Vslencia
898 2690 991 2752 tenet
1022 2686 1375 2753 fflnnsoanntcsnuau
1403 2686 1440 2749 in
1469 2687 1562 2768 parte
1591 2683 1721 2747 baronie
1751 2681 1792 2746 de

299 2780 505 2865 Valoyngues
519 2798 528 2853 3
550 2777 691 2842 nescitur
705 2796 763 2861 per
776 2775 863 2860 quud
878 2775 1061 2840 servicium.

344 2919 385 2983 In
400 2917 494 3002 oujns
507 2917 555 2983 rei
570 2920 633 2982 etc.

671 3041 806 3107 Summo
819 3039 988 3109 feodorum
997 3060 1083 3106 z-v.
1099 3044 1135 3106 et
1149 3038 1195 3105 di.
1211 3044 1246 3104 et
1261 3039 1334 3124 viij·
1347 3059 1431 3124 pars.

760 3129 895 3194 Summa
908 3131 944 3193 in
959 3129 1100 3192 denariis
1114 3126 1212 3211 :·-xj.
1225 3128 1260 3194 li.
1276 3147 1307 3193 v.
1317 3149 1343 3193 s.

757 3420 991 3509 [Hnunsnnuu
1013 3443 1057 3490 ns
1079 3419 1345 3509 assumite]

347 3577 526 3664 Inquisicio
541 3577 626 3642 facta
639 3578 679 3643 de
693 3578 795 3644 feodis
811 3578 956 3643 militum
970 3580 1005 3643 in
1019 3577 1189 3644 hundredo
1211 3578 1252 3643 de
1274 3576 1455 3662 Brauhing‚
1469 3598 1526 3662 per
1546 3577 1728 3645 Robertum
1754 3578 1796 3643 de

303 3665 496 3750 Melkeleye‚
511 3666 533 3731 J
535 3664 695 3729 ohannem
721 3665 751 3730 le
774 3665 970 3751 Melkeleye,
982 3666 1004 3731 J
1005 3665 1167 3731 ohannem
1187 3667 1219 3731 le
1233 3667 1256 3731 J
1256 3686 1370 3746 uscue,
1386 3664 1561 3729 Gamelnm
1574 3665 1613 3746 (i)
1631 3665 1672 3729 de
1688 3666 1797 3744 ware,

304 3751 506 3838 Stephanum
536 3753 568 3817 le
591 3753 692 3836 Neyr,
716 3751 851 3818 Petrum
877 3753 918 3816 de
942 3752 1134 3833 Halvehide,
1158 3759 1194 3819 et
1217 3754 1398 3822 Robertnm
1423 3753 1464 3817 de
1485 3752 1710 3833 Whitebume,
1737 3755 1797 3839 qni

303 3842 419 3906 dicunt
433 3861 528 3925 super
544 3846 780 3905 sacramentum
796 3861 890 3905 suum
904 3841 990 3925 quod
1001 3863 1058 3907 :-

351 3992 814 4078 Suoannnonne-Episcopus
851 3994 1087 4059 Londoniensis
1116 3998 1208 4060 tenet
1237 4014 1341 4058 unum
1370 3998 1512 4059 castrum
1541 3999 1577 4057 et
1605 3994 1719 4057 villam
1755 3994 1797 4058 de

308 4080 521 4151 Suessanonu
551 4083 605 4147 i.c.
636 4081 676 4145 de
707 4080 839 4145 domino
867 4101 953 4165 rege,
981 4087 1140 4167 tanquam
1167 4087 1268 4164 capnt
1289 4083 1421 4146 baronie
1445 4102 1513 4159 sue,
1537 4102 1637 4165 quam
1664 4081 1799 4166 quidem

304 4170 469 4235 baroniam
483 4167 630 4232 defendit
645 4188 753 4233 versus
767 4168 937 4233 dominum
951 4190 1063 4255 regem
1077 4191 1133 4255 per
1147 4170 1319 4234 servicium
1333 4171 1476 4253 quinque
1490 4168 1513 4234 1.

350 4320 679 4389 'suonam-Prior
707 4322 749 4386 de
772 4321 919 4389 Mertone
941 4322 1138 4413 [Mortone]‚
1166 4322 1307 4388 Thomas
1337 4323 1491 4404 Gerberd,
1522 4321 1726 4387 Theohaldus
1756 4323 1798 4387 de

307 4409 412 4489 Meris,
427 4414 544 4473 tenent
558 4408 603 4474 di.
621 4410 644 4475 1.
660 4409 701 4473 de
717 4411 836 4475 comite
852 4411 1053 4490 Herefordie,
1068 4413 1153 4485 unde
1168 4410 1352 4476 willelmus
1365 4412 1397 4475 le
1412 4410 1522 4478 Madle
1545 4416 1639 4475 tenet
1662 4412 1798 4475 terciam

306 4500 434 4582 partem
448 4496 489 4561 de
504 4500 692 4561 tenemento
706 4495 885 4563 Theobaldi
900 4500 940 4565 de
954 4499 1061 4566 Meris.

350 4649 752 4719 (ichneumone-Alide
777 4652 817 4716 de
842 4652 926 4719 Boos
952 4656 987 4718 et
1011 4651 1128 4719 Petrus
1150 4651 1192 4718 de
1218 4652 1428 4738 Goldyngton
1451 4656 1565 4718 tenent
1591 4652 1637 4719 di.
1654 4652 1677 4718 1.
1697 4673 1742 4717 m.
1758 4652 1799 4717 de

306 4739 424 4804 comite
437 4736 636 4803 Hereiordie.

355 4873 729 4945 Sinnacen-'ihomas
743 4878 784 4942 de
799 4877 981 4963 Meliseleye
999 4884 1091 4947 tenet
1107 4879 1153 4946 dt
1169 4880 1193 4947 1.
1210 4880 1252 4944 de
1266 4878 1386 4944 comite
1401 4878 1584 4945 Glosemie.
1629 4878 1800 4944 Gilbertus

307 4966 395 5029 filius
419 4963 541 5028 Thome
567 4964 606 5029 de
632 4963 725 5029 Clare
748 4970 840 5030 tenet
865 4966 911 5032 di.
927 4967 950 5033 1.
967 4967 1008 5031 de
1032 4968 1145 5033 codem
1167 4968 1298 5034 comite.
1344 4966 1505 5030 Henricus
1526 4966 1613 5030 filius
1626 4964 1799 5030 Eustachii

307 5056 398 5117 tenet
419 5049 461 5115 de
484 5051 595 5116 eodem
610 5052 730 5117 comite
755 5051 801 5120 di.
817 5052 842 5119 1.
884 5054 980 5118 Sarra
1005 5055 1046 5119 de
1071 5054 1209 5120 castello
1223 5058 1313 5119 tenet
1328 5054 1369 5118 de
1384 5054 1499 5119 eodem
1513 5054 1635 5118 comite
1648 5058 1801 5137 quartem

308 5144 436 5225 partem
452 5159 507 5204 un.
524 5138 548 5204 1.
564 5160 609 5204 m.
625 5138 808 5204 Witlelmus
828 5139 870 5204 de
892 5139 924 5205 la
947 5139 1041 5207 Mote
1061 5139 1184 5231 [More]
1205 5147 1240 5207 et
1264 5142 1428 5207 Johannes
1451 5142 1485 5205 le
1510 5142 1599 5208 Bous
1620 5145 1736 5206 tenent
1758 5140 1801 5204 de

307 5226 420 5291 eodem
436 5226 554 5291 comite
570 5231 692 5289 sextam
707 5230 833 5310 partem
848 5246 904 5293 un.
921 5228 944 5293 1.
961 5249 1006 5295 m.

351 5380 542 5449 Wnsnunnn
564 5374 1032 5468 misissent-Johannes
1057 5385 1097 5449 de
1119 5385 1312 5470 Leuquenor
1334 5389 1369 5449 et
1391 5382 1549 5451 Ricardus
1562 5383 1603 5448 de
1624 5380 1803 5449 Getesburi

308 5470 423 5533 tenent
437 5466 502 5530 duo
517 5465 540 5531 f.
557 5486 602 5531 m.
618 5466 659 5530 de
674 5466 790 5532 herede
806 5469 993 5537 Montichet.
