4117 6200
283 599 348 663 260
877 597 1184 667 GLOUOESTER.

281 890 476 968 continetur,
491 891 579 955 vobis
602 874 794 969 mandamus
819 892 905 976 quod
928 893 1089 975 prefatam
1115 892 1333 977 Margaretam
1359 892 1400 955 de
1426 890 1585 956 demanda
1614 908 1711 973 quam
1741 890 1772 953 ei

282 976 389 1040 facitis
404 978 439 1040 in
454 983 556 1042 castro
570 984 604 1041 et
618 982 771 1043 maneriis
787 980 938 1063 predictis
951 980 992 1050 de
1017 981 1105 1043 dicto
1129 980 1270 1044 subsidio
1293 979 1508 1064 quadraginta
1532 977 1707 1042 solidorum
1731 977 1771 1039 ad

282 1084 362 1146 opus
385 1073 533 1129 nostrum
560 1066 720 1145 solvendo,
737 1070 882 1151 quietam
907 1088 976 1131 esse
998 1069 1206 1150 permittatis,
1230 1068 1468 1131 districcionem
1493 1067 1643 1149 siquam
1674 1064 1708 1125 ei
1736 1084 1774 1127 ea

282 1154 446 1215 occasione
469 1153 608 1217 feceritis
632 1157 761 1239 penitus
785 1156 975 1220 relaxantes.
1020 1156 1118 1219 Teste
1144 1176 1195 1218 me
1218 1156 1289 1239 ipso
1311 1155 1396 1239 apnd
1420 1150 1578 1237 Odyham,
1592 1152 1701 1237 xrxj¹²⁰
1721 1151 1774 1215 die

281 1238 475 1320 Decembris,
492 1261 577 1304 anno
591 1243 684 1323 regni
699 1244 802 1305 nostri
817 1244 980 1306 tricesimo
995 1244 1109 1325 primo.

330 1379 384 1455 (Ira
399 1380 516 1457 dorso.)
562 1378 625 1441 Pro
640 1399 704 1441 uno
719 1379 811 1442 feodo
826 1384 860 1443 et
874 1384 990 1462 quarta
1003 1384 1097 1461 parte
1113 1399 1168 1444 un.
1185 1378 1207 1444 f.
1222 1400 1266 1445 m.
1282 1381 1318 1442 in
1329 1379 1559 1455 Baruasanun,
1576 1398 1633 1461 pro
1645 1377 1689 1441 di.
1701 1377 1724 1441 f.
1742 1378 1776 1438 in

284 1464 517 1544 Rocnauruou,
533 1470 565 1529 et
580 1486 637 1549 pro
646 1467 674 1549 j.
691 1465 714 1533 f.
730 1466 1078 1533 minssaccaworua
1201 1507 1212 1518 -
1346 1506 1356 1517 -
1490 1505 1501 1517 -
1635 1481 1776 1529 -cx.a.

329 1819 504 1902 Inquisicio
518 1825 613 1904 capta
627 1841 733 1884 coram
748 1822 872 1884 Thoma
886 1822 927 1885 de
943 1820 1107 1899 Gardinis,
1121 1822 1309 1885 vicecomite
1333 1820 1548 1901 Gloucestrie,
1569 1824 1605 1883 et
1629 1818 1650 1882 J
1652 1816 1779 1882 ohanne

285 1907 326 1970 de
349 1906 533 1993 Langeleye
550 1906 633 1987 (dre.)
650 1909 737 1992 apud
762 1908 975 1987 Doudeswell,
988 1909 1041 1973 die
1066 1909 1158 1973 Luae
1172 1909 1207 1972 in
1224 1909 1362 1971 crastino
1376 1907 1488 1971 Sancti
1502 1906 1679 1984 Valentini,
1695 1925 1780 1969 anno

286 1996 378 2078 regni
406 1996 490 2079 regis
518 1996 667 2059 Edwardi
695 1997 858 2059 tricesimo
886 1998 999 2074 tercio,
1028 2017 1085 2080 per
1120 2000 1357 2059 sacramentum
1393 1993 1550 2062 Willelmi
1587 1994 1627 2057 de
1664 1992 1779 2069 Solers,

286 2080 445 2145 Willelmi
459 2083 499 2146 de
514 2081 777 2166 Hodelrnaysshe,
792 2083 921 2147 Ricardi
936 2084 977 2147 de
993 2084 1170 2166 Auneford,
1187 2083 1341 2146 Willelmi
1367 2082 1534 2160 Crossouu,
1554 2080 1575 2145 J
1577 2079 1713 2144 ohanni
1738 2080 1779 2142 de

287 2168 320 2231 la
344 2167 470 2247 Stablo,
485 2169 617 2233 Roberti
643 2170 683 2233 de
710 2168 884 2254 Cumpton,
907 2172 1040 2234 Henrici
1066 2173 1101 2233 in
1125 2171 1182 2233 the
1208 2170 1303 2247 Halo,
1317 2167 1476 2232 Johanuis
1500 2168 1633 2245 Gerard,
1650 2166 1780 2230 Ricardi

289 2254 432 2355 Qndeby‚
450 2256 584 2358 Walteri
609 2257 650 2359 de
677 2256 993 2359 Mareys,§tephani
1019 2259 1060 2321 de
1086 2258 1214 2342 Mareys
1240 2263 1276 2320 et
1303 2257 1452 2340 Hugonis
1474 2256 1514 2319 de
1531 2252 1781 2358 i'ekeleswomb,

284 2345 1113 2517 llttsstttttllttlllmallidat}
1128 2344 1479 2497 rttltltllttt
1494 2342 1781 2504 {ludibili

290 2538 386 2600 super
400 2525 638 2582 sacramentum
654 2540 749 2582 snum
765 2519 849 2603 quod
865 2520 952 2583 idem
968 2520 1153 2583 Willelmus
1169 2525 1261 2583 tenet
1275 2539 1386 2581 omnes
1413 2524 1512 2581 terras
1539 2521 1571 2580 ct
1599 2522 1781 2579 tenementa

290 2625 348 2667 sua
372 2607 407 2668 in
433 2606 686 2671 Dounaswanna
701 2607 736 2668 in
752 2608 878 2689 socagio
893 2607 933 2669 de
947 2608 1104 2691 magistro
1117 2607 1240 2669 milicie
1255 2606 1383 2689 Templi
1399 2608 1434 2667 in
1449 2604 1579 2687 Anglia,
1594 2610 1628 2667 et
1643 2623 1708 2666 non
1723 2623 1781 2686 per

291 2693 461 2755 servicium
475 2693 629 2758 militare.
675 2694 714 2755 Iu
730 2694 822 2775 cujus
837 2693 883 2755 rei
899 2696 1127 2757 testimonium
1142 2694 1280 2777 predicti
1295 2694 1451 2771 iuratores
1477 2691 1553 2754 huic
1577 2690 1780 2774 inquisicioni

291 2780 399 2863 sigilla
415 2801 472 2843 sua
485 2786 716 2864 apposuerunt.
764 2781 885 2843 Datum
901 2781 988 2863 apud
1003 2780 1200 2845 Doudesuell
1218 2783 1270 2844 die
1286 2788 1320 2844 et
1334 2801 1418 2843 anno
1434 2779 1637 2863 supradictis.

337 3183 512 3248 Edwardus
540 3182 622 3264 (cbo.)
651 3185 834 3249 vicecomiti
863 3185 1065 3250 Gloucestrie
1095 3189 1129 3249 et
1157 3185 1299 3249 Johanni
1328 3184 1369 3249 de
1399 3184 1580 3270 Langeleye
1597 3183 1693 3264 (dc).
1738 3186 1787 3249 Ex

294 3272 425 3357 querela
450 3273 560 3336 dilecti
582 3278 617 3337 et
640 3272 745 3336 fidelis
768 3274 870 3337 nostri
893 3272 1052 3337 Jobannis
1075 3274 1125 3357 Ap
1154 3272 1255 3337 Adam
1289 3274 1484 3356 accepimus,
1508 3273 1594 3356 quod
1618 3273 1695 3360 licet
1717 3274 1787 3357 ipse

294 3365 404 3424 teneat
419 3361 566 3423 maneria
580 3360 620 3424 de
635 3359 842 3440 Bavaasran,
859 3361 1002 3429 Wasaou
1018 3361 1135 3439 Raors,
1151 3365 1184 3424 et
1199 3362 1454 3438 Amamassos,
1480 3379 1554 3423 oum
1577 3361 1788 3444 pertinenciis

295 3468 353 3531 per
381 3448 551 3511 servicium
580 3467 635 3512 uu.
665 3448 689 3512 f.
721 3468 765 3512 m.
795 3453 938 3526 tantum,
966 3470 1023 3512 vos
1056 3447 1139 3529 (dcc.)
1173 3449 1278 3532 ipsum
1310 3446 1494 3511 Johaunem
1523 3448 1564 3511 ad
1601 3445 1789 3530 hujusmodi

295 3534 454 3598 auxilium
468 3535 560 3598 nobis
574 3555 632 3619 pro
646 3554 703 3599 un.
719 3535 743 3599 f.
759 3555 804 3600 m.
822 3540 857 3598 et
872 3537 917 3600 di.
934 3536 973 3598 de
988 3537 1140 3599 maneriis
1156 3536 1309 3618 predictis
1324 3535 1445 3598 ibidem
1468 3534 1687 3618 prestandum,
1701 3555 1738 3598 ac
1760 3537 1788 3597 si

296 3643 334 3686 ea
356 3642 415 3705 per
439 3625 570 3685 tantum
595 3622 765 3685 servicium
787 3627 926 3703 teneret,
941 3623 1138 3708 distringitis
1165 3625 1272 3686 minus
1291 3621 1381 3707 juste
1400 3620 1495 3702 (doc).
1541 3623 1637 3686 Teste
1652 3643 1703 3685 me
1718 3623 1788 3706 ipso

296 3709 383 3792 apud
407 3707 536 3773 Novum
563 3707 713 3773 Castrum
738 3730 832 3794 super
856 3711 981 3794 Tynam
996 3710 1053 3795 vij.
1070 3711 1124 3774 die
1149 3709 1242 3790 Maii,
1258 3730 1342 3773 anno
1367 3711 1460 3794 regni
1489 3710 1591 3773 nostri
1625 3710 1789 3772 tricesimo

320 3817 413 3861 nmo.

297 3819 541 3971 p[ladasca]
591 3882 655 3947 Pro
670 3883 714 3948 di.
731 3884 754 3949 f.
771 3884 805 3947 in
822 3884 1040 3949 Bavaaasrou
1081 3925 1091 3934 -
1225 3924 1236 3935 -
1501 3923 1512 3934 -
1644 3923 1655 3934 -
1700 3904 1788 3948 κω.

343 4239 522 4321 Inquisicio
536 4243 632 4323 capta
646 4258 754 4302 coram
768 4239 893 4302 Tboma
907 4239 948 4303 de
964 4237 1131 4316 Gardiuis,
1145 4239 1333 4302 vicecomite
1350 4237 1561 4316 Gloucestrie‚
1585 4242 1620 4301 et
1641 4237 1662 4301 J
1664 4237 1790 4302 ohanne

301 4328 342 4391 de
371 4327 564 4413 Langeleye‚
593 4327 815 4390 collectoribus
843 4327 959 4390 auxilii
987 4328 1027 4390 de
1060 4327 1196 4411 singulis
1232 4327 1335 4390 feodis
1370 4326 1527 4406 militum,
1557 4325 1645 4409 apud
1681 4326 1791 4390 Grim-

301 4413 517 4493 baldeshassb,
544 4415 598 4476 dia
624 4413 715 4477 Jovis
738 4415 883 4497 proxima
907 4419 982 4496 post
1006 4414 1128 4476 festum
1158 4412 1269 4477 Sancti
1297 4413 1444 4491 Martini,
1473 4434 1557 4476 auno
1586 4414 1678 4498 regni
1706 4415 1790 4496 regis

302 4502 451 4566 Edwardi
479 4501 541 4564 filii
576 4503 659 4586 regis
696 4501 832 4565 Hearici
869 4502 1034 4564 tricesimo
1070 4502 1186 4584 primo,
1222 4521 1279 4584 per
1316 4499 1499 4564 Johaunem
1537 4500 1578 4563 de
1615 4501 1790 4584 Leygrave,

302 4591 515 4652 Laurentium
530 4589 572 4652 de
587 4587 752 4665 lbesham,
766 4588 983 4671 Reginaldum
998 4588 1091 4670 Joye,
1109 4587 1285 4651 Robertum
1301 4588 1413 4670 Lyvet,
1429 4586 1611 4650 Johaunem
1633 4595 1702 4651 atte
1726 4587 1790 4666 Slo,

302 4676 484 4740 Johaunem
509 4674 683 4754 Wodecok‚
708 4676 884 4759 Hugonem
908 4680 977 4740 alte
1003 4675 1100 4755 Bury,
1128 4674 1310 4738 Johaunem
1336 4674 1367 4738 le
1393 4675 1509 4758 Irreys,
1534 4674 1735 4738 Willelmum
1751 4676 1790 4737 de

302 4763 507 4845 Woclreuylr,
537 4763 719 4825 Walterum
747 4763 788 4825 de
819 4761 1013 4846 Hildesleye,
1045 4762 1216 4846 Hugonem
1246 4763 1287 4826 dc
1316 4762 1395 4845 Eya,
1427 4766 1463 4824 et
1486 4762 1557 4824 Elic
1583 4762 1727 4845 Wyrlolr,
1750 4763 1791 4825 ad

303 4850 533 4933 inquirendum
560 4850 588 4912 si
613 4850 710 4912 abbas
736 4849 776 4913 de
801 4847 960 4913 Pershore
985 4853 1078 4912 tenet
1100 4848 1232 4934 aliquod
1258 4850 1389 4912 feodum
1410 4849 1563 4925 militare,
1578 4850 1628 4913 vel
1650 4850 1791 4932 aliquam
1913 4869 1918 4880 ·

303 4944 428 5021 partem
455 4936 642 5020 hujusmodi
668 4936 755 4999 feodi
781 4957 839 4999 neo
864 4957 916 5002 ne.
963 4936 1025 5012 Qui
1051 4935 1166 4999 dicunt
1195 4957 1289 5020 super
1318 4942 1554 4999 sacramentum
1583 4958 1677 5000 suurn
1707 4936 1792 5019 quod

303 5024 467 5108 predictus
480 5024 579 5089 abbas
594 5028 686 5087 tenet
701 5044 811 5086 omnes
824 5028 927 5087 terras
941 5028 975 5087 et
989 5030 1175 5087 tenementa
1189 5044 1245 5086 sua
1260 5025 1295 5087 in
1318 5023 1564 5090 Hauaaasauav
1590 5027 1624 5086 in
1649 5024 1793 5099 liberam,

304 5133 429 5195 puram,
444 5125 479 5174 et
503 5118 694 5195 perpetuam
722 5112 943 5189 elemosinam,
957 5116 992 5174 et
1015 5130 1080 5173 non
1107 5131 1162 5196 per
1186 5111 1356 5175 servicium
1380 5111 1533 5175 militare.
1580 5110 1618 5173 In
1643 5110 1734 5192 cujus
1748 5111 1795 5172 rei

304 5200 530 5264 testimonium
554 5197 632 5260 huic
658 5199 867 5282 inquisicioni
883 5198 1020 5281 predict-i
1033 5196 1192 5282 juratores
1208 5199 1315 5284 sigilla
1330 5219 1388 5263 sua
1404 5202 1631 5282 apposuerunt.
1677 5197 1798 5260 Datum

304 5287 391 5376 apud
407 5284 686 5350 Grimbaldesassh
701 5287 754 5349 die
770 5289 803 5349 et
818 5286 887 5349 loco
902 5286 1105 5368 supradictis.

887 5475 1020 5487 ..p-a...-
1028 5477 1097 5484 ....---
1107 5477 1115 5480 -
1142 5475 1290 5486 -oe-—a—-s
