<?xml version="1.0" encoding="UTF-8"?>
<!DOCTYPE html PUBLIC "-//W3C//DTD XHTML 1.0 Transitional//EN"
    "http://www.w3.org/TR/xhtml1/DTD/xhtml1-transitional.dtd">
<html xmlns="http://www.w3.org/1999/xhtml" xml:lang="en" lang="en">
 <head>
  <title>
</title>
<meta http-equiv="Content-Type" content="text/html;charset=utf-8" />
  <meta name='ocr-system' content='tesseract 3.04.00' />
  <meta name='ocr-capabilities' content='ocr_page ocr_carea ocr_par ocr_line ocrx_word'/>
</head>
<body>
  <div class='ocr_page' id='page_1' title='image "./inquisitionsand01offigoog_0252.png"; bbox 0 0 4117 6200; ppageno 0'>
   <div class='ocr_carea' id='block_1_1' title="bbox 887 610 1194 681">
    <p class='ocr_par' dir='ltr' id='par_1_1' title="bbox 887 610 1194 681">
     <span class='ocr_line' id='line_1_1' title="bbox 887 610 1194 681; baseline -0.003 -2"><span class='ocrx_word' id='word_1_1' title='bbox 887 610 1194 681; x_wconf 75' lang='lat' dir='ltr'><strong>GLOUGES&#39;I&#39;ER.</strong></span> 
     </span>
    </p>
   </div>
   <div class='ocr_carea' id='block_1_2' title="bbox 743 930 1345 998">
    <p class='ocr_par' dir='ltr' id='par_1_2' title="bbox 743 930 1345 998">
     <span class='ocr_line' id='line_1_2' title="bbox 743 930 1345 998; baseline 0.002 -3"><span class='ocrx_word' id='word_1_2' title='bbox 743 930 963 996; x_wconf 81' lang='lat' dir='ltr'><strong>Huannannu</strong></span> <span class='ocrx_word' id='word_1_3' title='bbox 985 950 1030 995; x_wconf 84' lang='lat' dir='ltr'><strong>ns</strong></span> <span class='ocrx_word' id='word_1_4' title='bbox 1053 930 1345 998; x_wconf 74' lang='lat' dir='ltr'><strong>GRE&#39;I&#39;TISTON.</strong></span> 
     </span>
    </p>
   </div>
   <div class='ocr_carea' id='block_1_3' title="bbox 297 1092 1809 1353">
    <p class='ocr_par' dir='ltr' id='par_1_3' title="bbox 297 1092 1809 1353">
     <span class='ocr_line' id='line_1_3' title="bbox 342 1092 1809 1177; baseline 0.002 -18"><span class='ocrx_word' id='word_1_5' title='bbox 342 1094 505 1159; x_wconf 89' lang='lat' dir='ltr'><strong>Johannes</strong></span> <span class='ocrx_word' id='word_1_6' title='bbox 530 1094 570 1157; x_wconf 89' lang='lat' dir='ltr'><strong>dc</strong></span> <span class='ocrx_word' id='word_1_7' title='bbox 594 1092 712 1177; x_wconf 83' lang='lat' dir='ltr'><strong>Suleye</strong></span> <span class='ocrx_word' id='word_1_8' title='bbox 738 1097 828 1158; x_wconf 85' lang='lat' dir='ltr'><strong>tenet</strong></span> <span class='ocrx_word' id='word_1_9' title='bbox 857 1094 1040 1156; x_wconf 89' lang='lat' dir='ltr'><strong>manerium</strong></span> <span class='ocrx_word' id='word_1_10' title='bbox 1070 1094 1111 1156; x_wconf 90' lang='lat' dir='ltr'><strong>de</strong></span> <span class='ocrx_word' id='word_1_11' title='bbox 1138 1093 1269 1161; x_wconf 77' lang='lat' dir='ltr'><strong>Susura</strong></span> <span class='ocrx_word' id='word_1_12' title='bbox 1294 1114 1370 1157; x_wconf 90' lang='lat' dir='ltr'><strong>cum</strong></span> <span class='ocrx_word' id='word_1_13' title='bbox 1394 1094 1576 1172; x_wconf 67' lang='lat' dir='ltr'><strong>Tonnmora</strong></span> <span class='ocrx_word' id='word_1_14' title='bbox 1602 1092 1809 1171; x_wconf 68' lang='lat' dir='ltr'><strong>anmmrs„</strong></span> 
     </span>
     <span class='ocr_line' id='line_1_4' title="bbox 302 1179 1794 1269; baseline -0.004 -20"><span class='ocrx_word' id='word_1_15' title='bbox 302 1183 483 1261; x_wconf 77' lang='lat' dir='ltr'><strong>Srsunsrn,</strong></span> <span class='ocrx_word' id='word_1_16' title='bbox 495 1181 621 1260; x_wconf 77' lang='lat' dir='ltr'><strong>Gaura,</strong></span> <span class='ocrx_word' id='word_1_17' title='bbox 632 1181 799 1259; x_wconf 78' lang='lat' dir='ltr'><strong>Gnnrrou,</strong></span> <span class='ocrx_word' id='word_1_18' title='bbox 815 1182 991 1258; x_wconf 82' lang='lat' dir='ltr'><strong>Prssnnrs,</strong></span> <span class='ocrx_word' id='word_1_19' title='bbox 1004 1181 1120 1259; x_wconf 80' lang='lat' dir='ltr'><strong>Corus,</strong></span> <span class='ocrx_word' id='word_1_20' title='bbox 1135 1182 1225 1246; x_wconf 76' lang='lat' dir='ltr'><strong>Yam&gt;</strong></span> <span class='ocrx_word' id='word_1_21' title='bbox 1246 1179 1374 1269; x_wconf 76' lang='lat' dir='ltr'><strong>[Iaon],</strong></span> <span class='ocrx_word' id='word_1_22' title='bbox 1389 1182 1540 1245; x_wconf 81' lang='lat' dir='ltr'>membris</span> <span class='ocrx_word' id='word_1_23' title='bbox 1556 1181 1714 1266; x_wconf 87' lang='lat' dir='ltr'><strong>ejusdem,</strong></span> <span class='ocrx_word' id='word_1_24' title='bbox 1730 1200 1794 1243; x_wconf 87' lang='lat' dir='ltr'><strong>una</strong></span> 
     </span>
     <span class='ocr_line' id='line_1_5' title="bbox 297 1267 1479 1353; baseline 0 -20"><span class='ocrx_word' id='word_1_25' title='bbox 297 1291 372 1333; x_wconf 92' lang='lat' dir='ltr'><strong>cum</strong></span> <span class='ocrx_word' id='word_1_26' title='bbox 387 1269 459 1333; x_wconf 89' lang='lat' dir='ltr'><strong>aliis</strong></span> <span class='ocrx_word' id='word_1_27' title='bbox 474 1270 568 1332; x_wconf 89' lang='lat' dir='ltr'><strong>terris</strong></span> <span class='ocrx_word' id='word_1_28' title='bbox 582 1270 648 1332; x_wconf 84' lang='lat' dir='ltr'><strong>suis</strong></span> <span class='ocrx_word' id='word_1_29' title='bbox 662 1269 702 1331; x_wconf 93' lang='lat' dir='ltr'><strong>de</strong></span> <span class='ocrx_word' id='word_1_30' title='bbox 718 1288 792 1353; x_wconf 84' lang='lat' dir='ltr'><strong>rege</strong></span> <span class='ocrx_word' id='word_1_31' title='bbox 807 1267 829 1333; x_wconf 93' lang='lat' dir='ltr'><strong>i.</strong></span> <span class='ocrx_word' id='word_1_32' title='bbox 845 1289 872 1331; x_wconf 91' lang='lat' dir='ltr'><strong>c.</strong></span> <span class='ocrx_word' id='word_1_33' title='bbox 890 1288 946 1349; x_wconf 92' lang='lat' dir='ltr'><strong>per</strong></span> <span class='ocrx_word' id='word_1_34' title='bbox 961 1269 1134 1331; x_wconf 78' lang='lat' dir='ltr'><strong>servicium</strong></span> <span class='ocrx_word' id='word_1_35' title='bbox 1149 1268 1288 1331; x_wconf 89' lang='lat' dir='ltr'><strong>duorum</strong></span> <span class='ocrx_word' id='word_1_36' title='bbox 1304 1269 1479 1333; x_wconf 80' lang='lat' dir='ltr'><strong>feodorum.</strong></span> 
     </span>
    </p>
   </div>
   <div class='ocr_carea' id='block_1_4' title="bbox 340 1404 1793 1490">
    <p class='ocr_par' dir='ltr' id='par_1_4' title="bbox 340 1404 1793 1490">
     <span class='ocr_line' id='line_1_6' title="bbox 340 1404 1793 1490; baseline -0.001 -21"><span class='ocrx_word' id='word_1_37' title='bbox 340 1407 447 1471; x_wconf 82' lang='lat' dir='ltr'><strong>Abbas</strong></span> <span class='ocrx_word' id='word_1_38' title='bbox 461 1407 502 1469; x_wconf 91' lang='lat' dir='ltr'><strong>de</strong></span> <span class='ocrx_word' id='word_1_39' title='bbox 517 1405 689 1469; x_wconf 85' lang='lat' dir='ltr'><strong>Abbindcn</strong></span> <span class='ocrx_word' id='word_1_40' title='bbox 703 1411 792 1470; x_wconf 86' lang='lat' dir='ltr'><strong>tenet</strong></span> <span class='ocrx_word' id='word_1_41' title='bbox 808 1406 989 1469; x_wconf 87' lang='lat' dir='ltr'><strong>manerium</strong></span> <span class='ocrx_word' id='word_1_42' title='bbox 1004 1406 1046 1469; x_wconf 92' lang='lat' dir='ltr'><strong>de</strong></span> <span class='ocrx_word' id='word_1_43' title='bbox 1061 1407 1248 1471; x_wconf 74' lang='lat' dir='ltr'><strong>Auusnncrr</strong></span> <span class='ocrx_word' id='word_1_44' title='bbox 1267 1404 1402 1487; x_wconf 81' lang='lat' dir='ltr'><strong>(rectius</strong></span> <span class='ocrx_word' id='word_1_45' title='bbox 1418 1407 1637 1485; x_wconf 76' lang='lat' dir='ltr'><strong>Durrssnrcu)</strong></span> <span class='ocrx_word' id='word_1_46' title='bbox 1655 1404 1694 1469; x_wconf 91' lang='lat' dir='ltr'><strong>de</strong></span> <span class='ocrx_word' id='word_1_47' title='bbox 1719 1424 1793 1490; x_wconf 78' lang='lat' dir='ltr'><strong>rege</strong></span> 
     </span>
    </p>
   </div>
   <div class='ocr_carea' id='block_1_5' title="bbox 179 1486 1083 1577">
    <p class='ocr_par' dir='ltr' id='par_1_5' title="bbox 179 1486 1083 1577">
     <span class='ocr_line' id='line_1_7' title="bbox 179 1486 1083 1577; baseline -0.003 -16"><span class='ocrx_word' id='word_1_48' title='bbox 179 1486 183 1493; x_wconf 64' lang='grc'>’</span> <span class='ocrx_word' id='word_1_49' title='bbox 297 1494 319 1561; x_wconf 90' lang='lat' dir='ltr'><strong>i.</strong></span> <span class='ocrx_word' id='word_1_50' title='bbox 336 1516 365 1561; x_wconf 90' lang='lat' dir='ltr'><strong>c.</strong></span> <span class='ocrx_word' id='word_1_51' title='bbox 384 1495 443 1558; x_wconf 89' lang='lat' dir='ltr'><strong>sed</strong></span> <span class='ocrx_word' id='word_1_52' title='bbox 457 1512 523 1557; x_wconf 92' lang='lat' dir='ltr'><strong>non</strong></span> <span class='ocrx_word' id='word_1_53' title='bbox 537 1492 577 1555; x_wconf 89' lang='lat' dir='ltr'><strong>fit</strong></span> <span class='ocrx_word' id='word_1_54' title='bbox 590 1494 716 1557; x_wconf 86' lang='lat' dir='ltr'><strong>mencio</strong></span> <span class='ocrx_word' id='word_1_55' title='bbox 730 1514 788 1577; x_wconf 91' lang='lat' dir='ltr'><strong>per</strong></span> <span class='ocrx_word' id='word_1_56' title='bbox 802 1493 888 1577; x_wconf 91' lang='lat' dir='ltr'><strong>qnod</strong></span> <span class='ocrx_word' id='word_1_57' title='bbox 903 1492 1083 1558; x_wconf 80' lang='lat' dir='ltr'><strong>servicium.</strong></span> 
     </span>
    </p>
   </div>
   <div class='ocr_carea' id='block_1_6' title="bbox 298 1628 1793 1803">
    <p class='ocr_par' dir='ltr' id='par_1_6' title="bbox 298 1628 1793 1803">
     <span class='ocr_line' id='line_1_8' title="bbox 342 1628 1793 1718; baseline -0.002 -22"><span class='ocrx_word' id='word_1_58' title='bbox 342 1634 439 1698; x_wconf 87' lang='lat' dir='ltr'><strong>Idem</strong></span> <span class='ocrx_word' id='word_1_59' title='bbox 452 1632 551 1695; x_wconf 89' lang='lat' dir='ltr'><strong>abbas</strong></span> <span class='ocrx_word' id='word_1_60' title='bbox 570 1635 663 1695; x_wconf 86' lang='lat' dir='ltr'><strong>tenet</strong></span> <span class='ocrx_word' id='word_1_61' title='bbox 686 1633 882 1697; x_wconf 77' lang='lat' dir='ltr'><strong>Lucmrmorr</strong></span> <span class='ocrx_word' id='word_1_62' title='bbox 914 1628 1160 1718; x_wconf 80' lang='lat' dir='ltr'><strong>[Lnrnmcrou]</strong></span> <span class='ocrx_word' id='word_1_63' title='bbox 1191 1631 1231 1694; x_wconf 87' lang='lat' dir='ltr'><strong>de</strong></span> <span class='ocrx_word' id='word_1_64' title='bbox 1257 1630 1396 1696; x_wconf 85' lang='lat' dir='ltr'><strong>Robertc</strong></span> <span class='ocrx_word' id='word_1_65' title='bbox 1419 1631 1460 1695; x_wconf 89' lang='lat' dir='ltr'><strong>de</strong></span> <span class='ocrx_word' id='word_1_66' title='bbox 1486 1630 1618 1695; x_wconf 89' lang='lat' dir='ltr'><strong>Mortuo</strong></span> <span class='ocrx_word' id='word_1_67' title='bbox 1641 1629 1727 1693; x_wconf 82' lang='lat' dir='ltr'><strong>Mari</strong></span> <span class='ocrx_word' id='word_1_68' title='bbox 1752 1629 1793 1693; x_wconf 93' lang='lat' dir='ltr'><strong>de</strong></span> 
     </span>
     <span class='ocr_line' id='line_1_9' title="bbox 298 1718 924 1803; baseline -0.002 -18"><span class='ocrx_word' id='word_1_69' title='bbox 298 1720 410 1785; x_wconf 84' lang='lat' dir='ltr'><strong>Castro</strong></span> <span class='ocrx_word' id='word_1_70' title='bbox 425 1720 567 1797; x_wconf 83' lang='lat' dir='ltr'><strong>Ricardi,</strong></span> <span class='ocrx_word' id='word_1_71' title='bbox 582 1740 638 1803; x_wconf 92' lang='lat' dir='ltr'><strong>per</strong></span> <span class='ocrx_word' id='word_1_72' title='bbox 652 1720 824 1783; x_wconf 84' lang='lat' dir='ltr'><strong>servicium</strong></span> <span class='ocrx_word' id='word_1_73' title='bbox 839 1720 884 1781; x_wconf 91' lang='lat' dir='ltr'><strong>di.</strong></span> <span class='ocrx_word' id='word_1_74' title='bbox 899 1718 924 1784; x_wconf 87' lang='lat' dir='ltr'><strong>f.</strong></span> 
     </span>
    </p>
   </div>
   <div class='ocr_carea' id='block_1_7' title="bbox 297 1824 1793 2011">
    <p class='ocr_par' dir='ltr' id='par_1_7' title="bbox 297 1824 1793 2011">
     <span class='ocr_line' id='line_1_10' title="bbox 340 1824 1793 2007; baseline -0.003 -85"><span class='ocrx_word' id='word_1_75' title='bbox 340 1858 504 1962; x_wconf 75' lang='lat' dir='ltr'><strong>Johannes</strong></span> <span class='ocrx_word' id='word_1_76' title='bbox 526 1857 571 2007; x_wconf 63' lang='lat' dir='ltr'><strong>ds}</strong></span> <span class='ocrx_word' id='word_1_77' title='bbox 589 1824 691 1921; x_wconf 61' lang='lat' dir='ltr'><strong>histon</strong></span> <span class='ocrx_word' id='word_1_78' title='bbox 717 1861 810 1921; x_wconf 84' lang='lat' dir='ltr'><strong>tenet</strong></span> <span class='ocrx_word' id='word_1_79' title='bbox 836 1856 948 1923; x_wconf 79' lang='lat' dir='ltr'><strong>Esrou</strong></span> <span class='ocrx_word' id='word_1_80' title='bbox 977 1856 1168 1924; x_wconf 77' lang='lat' dir='ltr'><strong>Sounsvrnn</strong></span> <span class='ocrx_word' id='word_1_81' title='bbox 1185 1856 1226 1920; x_wconf 90' lang='lat' dir='ltr'><strong>de</strong></span> <span class='ocrx_word' id='word_1_82' title='bbox 1241 1855 1413 1920; x_wconf 81' lang='lat' dir='ltr'><strong>heredibus</strong></span> <span class='ocrx_word' id='word_1_83' title='bbox 1428 1855 1556 1920; x_wconf 86' lang='lat' dir='ltr'><strong>Radulh</strong></span> <span class='ocrx_word' id='word_1_84' title='bbox 1573 1855 1719 1935; x_wconf 88' lang='lat' dir='ltr'><strong>Musard,</strong></span> <span class='ocrx_word' id='word_1_85' title='bbox 1734 1874 1793 1940; x_wconf 90' lang='lat' dir='ltr'><strong>per</strong></span> 
     </span>
     <span class='ocr_line' id='line_1_11' title="bbox 297 1965 578 2011; baseline -0.007 -1"><span class='ocrx_word' id='word_1_86' title='bbox 297 1966 469 2011; x_wconf 85' lang='lat' dir='ltr'><strong>servrornm</strong></span> <span class='ocrx_word' id='word_1_87' title='bbox 484 1965 539 2008; x_wconf 91' lang='lat' dir='ltr'><strong>un.</strong></span> <span class='ocrx_word' id='word_1_88' title='bbox 569 1992 578 2008; x_wconf 94' lang='lat'><strong>.</strong></span> 
     </span>
    </p>
   </div>
   <div class='ocr_carea' id='block_1_8' title="bbox 298 2077 1793 2342">
    <p class='ocr_par' dir='ltr' id='par_1_8' title="bbox 298 2077 1793 2342">
     <span class='ocr_line' id='line_1_12' title="bbox 338 2077 1792 2167; baseline -0.002 -19"><span class='ocrx_word' id='word_1_89' title='bbox 338 2084 445 2148; x_wconf 83' lang='lat' dir='ltr'><strong>Abbas</strong></span> <span class='ocrx_word' id='word_1_90' title='bbox 481 2084 524 2146; x_wconf 88' lang='lat' dir='ltr'><strong>de</strong></span> <span class='ocrx_word' id='word_1_91' title='bbox 564 2079 800 2165; x_wconf 87' lang='lat' dir='ltr'><strong>Wyohincumb</strong></span> <span class='ocrx_word' id='word_1_92' title='bbox 844 2077 1133 2167; x_wconf 87' lang='lat' dir='ltr'><strong>[Wynohecombe]</strong></span> <span class='ocrx_word' id='word_1_93' title='bbox 1175 2086 1267 2145; x_wconf 88' lang='lat' dir='ltr'><strong>tenet</strong></span> <span class='ocrx_word' id='word_1_94' title='bbox 1303 2081 1487 2145; x_wconf 88' lang='lat' dir='ltr'><strong>manerium</strong></span> <span class='ocrx_word' id='word_1_95' title='bbox 1534 2082 1573 2145; x_wconf 90' lang='lat' dir='ltr'><strong>de</strong></span> <span class='ocrx_word' id='word_1_96' title='bbox 1622 2081 1792 2147; x_wconf 71' lang='lat' dir='ltr'><strong>Tnnwnrsc</strong></span> 
     </span>
     <span class='ocr_line' id='line_1_13' title="bbox 301 2167 1793 2258; baseline -0.006 -19"><span class='ocrx_word' id='word_1_97' title='bbox 301 2168 516 2258; x_wconf 75' lang='lat' dir='ltr'><strong>[Snowsrsc],</strong></span> <span class='ocrx_word' id='word_1_98' title='bbox 555 2169 792 2245; x_wconf 70' lang='lat' dir='ltr'><strong>Sriownsrrunn,</strong></span> <span class='ocrx_word' id='word_1_99' title='bbox 828 2189 904 2232; x_wconf 89' lang='lat' dir='ltr'><strong>cum</strong></span> <span class='ocrx_word' id='word_1_100' title='bbox 942 2168 1200 2239; x_wconf 71' lang='lat' dir='ltr'><strong>Baoruimror.</strong></span> <span class='ocrx_word' id='word_1_101' title='bbox 1239 2168 1439 2235; x_wconf 78' lang='lat' dir='ltr'><strong>Gunansror</strong></span> <span class='ocrx_word' id='word_1_102' title='bbox 1502 2189 1576 2231; x_wconf 90' lang='lat' dir='ltr'><strong>cum</strong></span> <span class='ocrx_word' id='word_1_103' title='bbox 1629 2167 1793 2244; x_wconf 84' lang='lat' dir='ltr'><strong>membris,</strong></span> 
     </span>
     <span class='ocr_line' id='line_1_14' title="bbox 298 2252 1510 2342; baseline -0.005 -17"><span class='ocrx_word' id='word_1_104' title='bbox 298 2260 469 2327; x_wconf 73' lang='lat' dir='ltr'><strong>Srsursrors</strong></span> <span class='ocrx_word' id='word_1_105' title='bbox 485 2263 519 2321; x_wconf 88' lang='lat' dir='ltr'><strong>et</strong></span> <span class='ocrx_word' id='word_1_106' title='bbox 534 2257 712 2323; x_wconf 79' lang='lat' dir='ltr'><strong>Hannmcc</strong></span> <span class='ocrx_word' id='word_1_107' title='bbox 734 2252 915 2342; x_wconf 79' lang='lat' dir='ltr'><strong>[Hmnmc]</strong></span> <span class='ocrx_word' id='word_1_108' title='bbox 938 2255 979 2318; x_wconf 93' lang='lat' dir='ltr'><strong>de</strong></span> <span class='ocrx_word' id='word_1_109' title='bbox 994 2276 1069 2339; x_wconf 88' lang='lat' dir='ltr'><strong>rege</strong></span> <span class='ocrx_word' id='word_1_110' title='bbox 1085 2255 1105 2320; x_wconf 93' lang='lat' dir='ltr'><strong>i.</strong></span> <span class='ocrx_word' id='word_1_111' title='bbox 1123 2276 1151 2321; x_wconf 91' lang='lat' dir='ltr'><strong>c.</strong></span> <span class='ocrx_word' id='word_1_112' title='bbox 1168 2276 1225 2339; x_wconf 90' lang='lat' dir='ltr'><strong>per</strong></span> <span class='ocrx_word' id='word_1_113' title='bbox 1240 2256 1410 2320; x_wconf 86' lang='lat' dir='ltr'><strong>servicium</strong></span> <span class='ocrx_word' id='word_1_114' title='bbox 1426 2255 1449 2340; x_wconf 90' lang='lat' dir='ltr'><strong>ij</strong></span> <span class='ocrx_word' id='word_1_115' title='bbox 1467 2275 1510 2319; x_wconf 93' lang='lat' dir='ltr'><strong>m.</strong></span> 
     </span>
    </p>
   </div>
   <div class='ocr_carea' id='block_1_9' title="bbox 645 2483 1313 2586">
    <p class='ocr_par' dir='ltr' id='par_1_9' title="bbox 645 2483 1313 2586">
     <span class='ocr_line' id='line_1_15' title="bbox 645 2483 1313 2586; baseline -0.001 0"><span class='ocrx_word' id='word_1_116' title='bbox 645 2483 653 2499; x_wconf 42' lang='grc'><em>·</em></span> <span class='ocrx_word' id='word_1_117' title='bbox 777 2520 998 2586; x_wconf 80' lang='lat' dir='ltr'><strong>Hnnnsnnnu</strong></span> <span class='ocrx_word' id='word_1_118' title='bbox 1020 2541 1065 2586; x_wconf 86' lang='lat' dir='ltr'><strong>nn</strong></span> <span class='ocrx_word' id='word_1_119' title='bbox 1088 2520 1313 2586; x_wconf 79' lang='lat' dir='ltr'><strong>BRADELE.</strong></span> 
     </span>
    </p>
   </div>
   <div class='ocr_carea' id='block_1_10' title="bbox 294 2704 1791 2881">
    <p class='ocr_par' dir='ltr' id='par_1_10' title="bbox 294 2704 1791 2881">
     <span class='ocr_line' id='line_1_16' title="bbox 339 2704 1791 2795; baseline -0.003 -19"><span class='ocrx_word' id='word_1_120' title='bbox 339 2712 442 2776; x_wconf 80' lang='lat' dir='ltr'><strong>Adam</strong></span> <span class='ocrx_word' id='word_1_121' title='bbox 457 2709 576 2772; x_wconf 89' lang='lat' dir='ltr'><strong>Mertel</strong></span> <span class='ocrx_word' id='word_1_122' title='bbox 596 2704 749 2795; x_wconf 81' lang='lat' dir='ltr'><strong>[Martel]</strong></span> <span class='ocrx_word' id='word_1_123' title='bbox 770 2713 862 2772; x_wconf 88' lang='lat' dir='ltr'><strong>tenet</strong></span> <span class='ocrx_word' id='word_1_124' title='bbox 879 2708 1037 2776; x_wconf 81' lang='lat' dir='ltr'><strong>Srownnn</strong></span> <span class='ocrx_word' id='word_1_125' title='bbox 1051 2730 1109 2792; x_wconf 91' lang='lat' dir='ltr'><strong>pro</strong></span> <span class='ocrx_word' id='word_1_126' title='bbox 1123 2708 1169 2775; x_wconf 89' lang='lat' dir='ltr'><strong>di.</strong></span> <span class='ocrx_word' id='word_1_127' title='bbox 1184 2708 1208 2775; x_wconf 84' lang='lat' dir='ltr'><strong>f.</strong></span> <span class='ocrx_word' id='word_1_128' title='bbox 1224 2730 1268 2773; x_wconf 94' lang='lat' dir='ltr'><strong>m.</strong></span> <span class='ocrx_word' id='word_1_129' title='bbox 1294 2708 1335 2773; x_wconf 90' lang='lat' dir='ltr'><strong>de</strong></span> <span class='ocrx_word' id='word_1_130' title='bbox 1360 2709 1479 2772; x_wconf 86' lang='lat' dir='ltr'><strong>Emma</strong></span> <span class='ocrx_word' id='word_1_131' title='bbox 1501 2710 1540 2773; x_wconf 90' lang='lat' dir='ltr'><strong>de</strong></span> <span class='ocrx_word' id='word_1_132' title='bbox 1563 2709 1596 2773; x_wconf 84' lang='lat' dir='ltr'><strong>ln</strong></span> <span class='ocrx_word' id='word_1_133' title='bbox 1619 2708 1740 2789; x_wconf 85' lang='lat' dir='ltr'><strong>Penne,</strong></span> <span class='ocrx_word' id='word_1_134' title='bbox 1756 2714 1791 2773; x_wconf 90' lang='lat' dir='ltr'><strong>et</strong></span> 
     </span>
     <span class='ocr_line' id='line_1_17' title="bbox 294 2794 1600 2881; baseline -0.001 -17"><span class='ocrx_word' id='word_1_135' title='bbox 294 2800 406 2864; x_wconf 84' lang='lat' dir='ltr'><strong>eadem</strong></span> <span class='ocrx_word' id='word_1_136' title='bbox 422 2798 540 2861; x_wconf 88' lang='lat' dir='ltr'><strong>Emma</strong></span> <span class='ocrx_word' id='word_1_137' title='bbox 554 2796 595 2859; x_wconf 94' lang='lat' dir='ltr'><strong>de</strong></span> <span class='ocrx_word' id='word_1_138' title='bbox 611 2796 742 2859; x_wconf 85' lang='lat' dir='ltr'><strong>baronis</strong></span> <span class='ocrx_word' id='word_1_139' title='bbox 755 2794 915 2859; x_wconf 88' lang='lat' dir='ltr'><strong>Willclmi</strong></span> <span class='ocrx_word' id='word_1_140' title='bbox 930 2796 971 2861; x_wconf 90' lang='lat' dir='ltr'><strong>de</strong></span> <span class='ocrx_word' id='word_1_141' title='bbox 987 2797 1141 2881; x_wconf 85' lang='lat' dir='ltr'><strong>Hasting,</strong></span> <span class='ocrx_word' id='word_1_142' title='bbox 1156 2817 1219 2880; x_wconf 89' lang='lat' dir='ltr'><strong>que</strong></span> <span class='ocrx_word' id='word_1_143' title='bbox 1234 2802 1368 2861; x_wconf 85' lang='lat' dir='ltr'><strong>tenetur</strong></span> <span class='ocrx_word' id='word_1_144' title='bbox 1382 2796 1423 2861; x_wconf 87' lang='lat' dir='ltr'><strong>de</strong></span> <span class='ocrx_word' id='word_1_145' title='bbox 1438 2815 1514 2881; x_wconf 79' lang='lat' dir='ltr'><strong>rege</strong></span> <span class='ocrx_word' id='word_1_146' title='bbox 1529 2797 1551 2861; x_wconf 94' lang='lat' dir='ltr'><strong>i.</strong></span> <span class='ocrx_word' id='word_1_147' title='bbox 1569 2820 1600 2864; x_wconf 89' lang='lat' dir='ltr'><strong>c.</strong></span> 
     </span>
    </p>
   </div>
   <div class='ocr_carea' id='block_1_11' title="bbox 295 2931 1790 3110">
    <p class='ocr_par' dir='ltr' id='par_1_11' title="bbox 295 2931 1790 3110">
     <span class='ocr_line' id='line_1_18' title="bbox 337 2931 1790 3021; baseline -0.003 -21"><span class='ocrx_word' id='word_1_148' title='bbox 337 2936 604 3019; x_wconf 82' lang='lat' dir='ltr'><strong>Archiepiscopns</strong></span> <span class='ocrx_word' id='word_1_149' title='bbox 632 2932 839 2996; x_wconf 85' lang='lat' dir='ltr'><strong>Eboracensis</strong></span> <span class='ocrx_word' id='word_1_150' title='bbox 877 2937 967 2997; x_wconf 83' lang='lat' dir='ltr'><strong>tenet</strong></span> <span class='ocrx_word' id='word_1_151' title='bbox 1002 2935 1184 2998; x_wconf 88' lang='lat' dir='ltr'><strong>manerium</strong></span> <span class='ocrx_word' id='word_1_152' title='bbox 1222 2935 1262 2997; x_wconf 90' lang='lat' dir='ltr'><strong>de</strong></span> <span class='ocrx_word' id='word_1_153' title='bbox 1294 2935 1431 3001; x_wconf 80' lang='lat' dir='ltr'><strong>Guurou</strong></span> <span class='ocrx_word' id='word_1_154' title='bbox 1471 2931 1676 3021; x_wconf 77' lang='lat' dir='ltr'><strong>[Commou],</strong></span> <span class='ocrx_word' id='word_1_155' title='bbox 1704 2931 1790 3015; x_wconf 94' lang='lat' dir='ltr'><strong>quod</strong></span> 
     </span>
     <span class='ocr_line' id='line_1_19' title="bbox 295 3017 1399 3110; baseline -0.005 -23"><span class='ocrx_word' id='word_1_156' title='bbox 295 3025 438 3110; x_wconf 78' lang='lat' dir='ltr'><strong>pertinet</strong></span> <span class='ocrx_word' id='word_1_157' title='bbox 452 3021 493 3085; x_wconf 87' lang='lat' dir='ltr'><strong>ad</strong></span> <span class='ocrx_word' id='word_1_158' title='bbox 508 3022 673 3085; x_wconf 80' lang='lat' dir='ltr'><strong>baroniam</strong></span> <span class='ocrx_word' id='word_1_159' title='bbox 688 3020 729 3084; x_wconf 88' lang='lat' dir='ltr'><strong>de</strong></span> <span class='ocrx_word' id='word_1_160' title='bbox 744 3017 964 3085; x_wconf 81' lang='lat' dir='ltr'><strong>Ohirethedon</strong></span> <span class='ocrx_word' id='word_1_161' title='bbox 986 3017 1246 3109; x_wconf 82' lang='lat' dir='ltr'><strong>[Ohurchedon],</strong></span> <span class='ocrx_word' id='word_1_162' title='bbox 1261 3021 1327 3099; x_wconf 90' lang='lat' dir='ltr'><strong>sed,</strong></span> <span class='ocrx_word' id='word_1_163' title='bbox 1342 3019 1399 3084; x_wconf 74' lang='lat' dir='ltr'><strong>dcc.</strong></span> 
     </span>
    </p>
   </div>
   <div class='ocr_carea' id='block_1_12' title="bbox 294 3158 1790 3332">
    <p class='ocr_par' dir='ltr' id='par_1_12' title="bbox 294 3158 1790 3332">
     <span class='ocr_line' id='line_1_20' title="bbox 339 3158 1790 3244; baseline -0.003 -18"><span class='ocrx_word' id='word_1_164' title='bbox 339 3162 443 3226; x_wconf 82' lang='lat' dir='ltr'><strong>Adam</strong></span> <span class='ocrx_word' id='word_1_165' title='bbox 460 3161 491 3224; x_wconf 91' lang='lat' dir='ltr'><strong>le</strong></span> <span class='ocrx_word' id='word_1_166' title='bbox 506 3158 688 3243; x_wconf 89' lang='lat' dir='ltr'><strong>Despenser</strong></span> <span class='ocrx_word' id='word_1_167' title='bbox 703 3163 791 3223; x_wconf 81' lang='lat' dir='ltr'><strong>tenet</strong></span> <span class='ocrx_word' id='word_1_168' title='bbox 808 3161 841 3222; x_wconf 89' lang='lat' dir='ltr'><strong>in</strong></span> <span class='ocrx_word' id='word_1_169' title='bbox 858 3160 997 3226; x_wconf 76' lang='lat' dir='ltr'><strong>Gurrrorr</strong></span> <span class='ocrx_word' id='word_1_170' title='bbox 1023 3166 1173 3243; x_wconf 85' lang='lat' dir='ltr'><strong>quartam</strong></span> <span class='ocrx_word' id='word_1_171' title='bbox 1200 3165 1325 3244; x_wconf 87' lang='lat' dir='ltr'><strong>partem</strong></span> <span class='ocrx_word' id='word_1_172' title='bbox 1354 3181 1409 3224; x_wconf 92' lang='lat' dir='ltr'><strong>un.</strong></span> <span class='ocrx_word' id='word_1_173' title='bbox 1435 3160 1457 3223; x_wconf 85' lang='lat' dir='ltr'><strong>f.</strong></span> <span class='ocrx_word' id='word_1_174' title='bbox 1485 3160 1526 3223; x_wconf 93' lang='lat' dir='ltr'><strong>de</strong></span> <span class='ocrx_word' id='word_1_175' title='bbox 1552 3159 1790 3242; x_wconf 73' lang='lat' dir='ltr'><strong>archiepiscopo</strong></span> 
     </span>
     <span class='ocr_line' id='line_1_21' title="bbox 294 3244 1088 3332; baseline -0.001 -18"><span class='ocrx_word' id='word_1_176' title='bbox 294 3249 499 3327; x_wconf 86' lang='lat' dir='ltr'><strong>Eboracensi,</strong></span> <span class='ocrx_word' id='word_1_177' title='bbox 516 3252 551 3312; x_wconf 90' lang='lat' dir='ltr'><strong>et</strong></span> <span class='ocrx_word' id='word_1_178' title='bbox 564 3247 653 3311; x_wconf 90' lang='lat' dir='ltr'><strong>idem</strong></span> <span class='ocrx_word' id='word_1_179' title='bbox 669 3244 929 3332; x_wconf 79' lang='lat' dir='ltr'><strong>archiepiscopus</strong></span> <span class='ocrx_word' id='word_1_180' title='bbox 943 3247 984 3311; x_wconf 90' lang='lat' dir='ltr'><strong>de</strong></span> <span class='ocrx_word' id='word_1_181' title='bbox 999 3269 1088 3332; x_wconf 83' lang='lat' dir='ltr'><strong>rege.</strong></span> 
     </span>
    </p>
   </div>
   <div class='ocr_carea' id='block_1_13' title="bbox 336 3385 1746 3472">
    <p class='ocr_par' dir='ltr' id='par_1_13' title="bbox 336 3385 1746 3472">
     <span class='ocr_line' id='line_1_22' title="bbox 336 3385 1746 3472; baseline -0.001 -21"><span class='ocrx_word' id='word_1_182' title='bbox 336 3388 515 3472; x_wconf 87' lang='lat' dir='ltr'><strong>Episcopus</strong></span> <span class='ocrx_word' id='word_1_183' title='bbox 531 3385 775 3450; x_wconf 89' lang='lat' dir='ltr'><strong>Herefordensis</strong></span> <span class='ocrx_word' id='word_1_184' title='bbox 790 3389 881 3449; x_wconf 83' lang='lat' dir='ltr'><strong>tenet</strong></span> <span class='ocrx_word' id='word_1_185' title='bbox 900 3386 1151 3465; x_wconf 76' lang='lat' dir='ltr'><strong>Snvnsrurrou,</strong></span> <span class='ocrx_word' id='word_1_186' title='bbox 1166 3406 1228 3469; x_wconf 89' lang='lat' dir='ltr'><strong>que</strong></span> <span class='ocrx_word' id='word_1_187' title='bbox 1244 3385 1390 3470; x_wconf 77' lang='lat' dir='ltr'><strong>pertinet</strong></span> <span class='ocrx_word' id='word_1_188' title='bbox 1405 3385 1447 3449; x_wconf 91' lang='lat' dir='ltr'><strong>ad</strong></span> <span class='ocrx_word' id='word_1_189' title='bbox 1462 3385 1629 3449; x_wconf 86' lang='lat' dir='ltr'><strong>baroniam</strong></span> <span class='ocrx_word' id='word_1_190' title='bbox 1644 3405 1746 3451; x_wconf 85' lang='lat' dir='ltr'><strong>suam.</strong></span> 
     </span>
    </p>
   </div>
   <div class='ocr_carea' id='block_1_14' title="bbox 294 3522 1789 3700">
    <p class='ocr_par' dir='ltr' id='par_1_14' title="bbox 294 3522 1789 3700">
     <span class='ocr_line' id='line_1_23' title="bbox 337 3522 1789 3606; baseline -0.002 -16"><span class='ocrx_word' id='word_1_191' title='bbox 337 3525 500 3590; x_wconf 87' lang='lat' dir='ltr'><strong>Robertns</strong></span> <span class='ocrx_word' id='word_1_192' title='bbox 514 3522 619 3606; x_wconf 86' lang='lat' dir='ltr'><strong>Pulye</strong></span> <span class='ocrx_word' id='word_1_193' title='bbox 633 3527 725 3588; x_wconf 88' lang='lat' dir='ltr'><strong>tenet</strong></span> <span class='ocrx_word' id='word_1_194' title='bbox 739 3523 783 3590; x_wconf 91' lang='lat' dir='ltr'><strong>di.</strong></span> <span class='ocrx_word' id='word_1_195' title='bbox 799 3522 823 3590; x_wconf 87' lang='lat' dir='ltr'><strong>i.</strong></span> <span class='ocrx_word' id='word_1_196' title='bbox 839 3525 874 3587; x_wconf 91' lang='lat' dir='ltr'><strong>ic</strong></span> <span class='ocrx_word' id='word_1_197' title='bbox 893 3524 1035 3592; x_wconf 74' lang='lat' dir='ltr'><strong>Simuos</strong></span> <span class='ocrx_word' id='word_1_198' title='bbox 1051 3523 1092 3587; x_wconf 91' lang='lat' dir='ltr'><strong>de</strong></span> <span class='ocrx_word' id='word_1_199' title='bbox 1107 3524 1225 3588; x_wconf 89' lang='lat' dir='ltr'><strong>comite</strong></span> <span class='ocrx_word' id='word_1_200' title='bbox 1241 3523 1439 3604; x_wconf 86' lang='lat' dir='ltr'><strong>Herefordie,</strong></span> <span class='ocrx_word' id='word_1_201' title='bbox 1454 3527 1491 3588; x_wconf 85' lang='lat' dir='ltr'><strong>ct</strong></span> <span class='ocrx_word' id='word_1_202' title='bbox 1504 3523 1592 3587; x_wconf 92' lang='lat' dir='ltr'><strong>idem</strong></span> <span class='ocrx_word' id='word_1_203' title='bbox 1618 3543 1724 3587; x_wconf 86' lang='lat' dir='ltr'><strong>comes</strong></span> <span class='ocrx_word' id='word_1_204' title='bbox 1749 3522 1789 3587; x_wconf 91' lang='lat' dir='ltr'><strong>de</strong></span> 
     </span>
     <span class='ocr_line' id='line_1_24' title="bbox 294 3611 633 3700; baseline -0.003 -22"><span class='ocrx_word' id='word_1_205' title='bbox 294 3633 370 3700; x_wconf 84' lang='lat' dir='ltr'><strong>rege</strong></span> <span class='ocrx_word' id='word_1_206' title='bbox 384 3633 441 3697; x_wconf 88' lang='lat' dir='ltr'><strong>per</strong></span> <span class='ocrx_word' id='word_1_207' title='bbox 454 3611 633 3677; x_wconf 87' lang='lat' dir='ltr'><strong>baroniam.</strong></span> 
     </span>
    </p>
   </div>
   <div class='ocr_carea' id='block_1_15' title="bbox 295 3746 1791 4008">
    <p class='ocr_par' dir='ltr' id='par_1_15' title="bbox 295 3746 1791 4008">
     <span class='ocr_line' id='line_1_25' title="bbox 338 3746 1790 3832; baseline -0.003 -18"><span class='ocrx_word' id='word_1_208' title='bbox 338 3749 497 3814; x_wconf 86' lang='lat' dir='ltr'><strong>Rcbertus</strong></span> <span class='ocrx_word' id='word_1_209' title='bbox 512 3746 602 3812; x_wconf 78' lang='lat' dir='ltr'><strong>clive</strong></span> <span class='ocrx_word' id='word_1_210' title='bbox 617 3753 708 3812; x_wconf 81' lang='lat' dir='ltr'><strong>tenet</strong></span> <span class='ocrx_word' id='word_1_211' title='bbox 721 3749 757 3811; x_wconf 93' lang='lat' dir='ltr'><strong>in</strong></span> <span class='ocrx_word' id='word_1_212' title='bbox 772 3747 885 3812; x_wconf 87' lang='lat' dir='ltr'><strong>eadem</strong></span> <span class='ocrx_word' id='word_1_213' title='bbox 900 3747 977 3812; x_wconf 83' lang='lat' dir='ltr'><strong>villa</strong></span> <span class='ocrx_word' id='word_1_214' title='bbox 992 3747 1129 3812; x_wconf 81' lang='lat' dir='ltr'><strong>terciam</strong></span> <span class='ocrx_word' id='word_1_215' title='bbox 1144 3752 1269 3832; x_wconf 88' lang='lat' dir='ltr'><strong>partem</strong></span> <span class='ocrx_word' id='word_1_216' title='bbox 1296 3767 1351 3812; x_wconf 91' lang='lat' dir='ltr'><strong>un.</strong></span> <span class='ocrx_word' id='word_1_217' title='bbox 1367 3748 1390 3811; x_wconf 83' lang='lat' dir='ltr'><strong>f.</strong></span> <span class='ocrx_word' id='word_1_218' title='bbox 1406 3747 1446 3812; x_wconf 91' lang='lat' dir='ltr'><strong>de</strong></span> <span class='ocrx_word' id='word_1_219' title='bbox 1461 3748 1532 3812; x_wconf 85' lang='lat' dir='ltr'><strong>Ada</strong></span> <span class='ocrx_word' id='word_1_220' title='bbox 1546 3748 1586 3812; x_wconf 91' lang='lat' dir='ltr'><strong>de</strong></span> <span class='ocrx_word' id='word_1_221' title='bbox 1611 3747 1790 3832; x_wconf 83' lang='lat' dir='ltr'><strong>Olurrngge</strong></span> 
     </span>
     <span class='ocr_line' id='line_1_26' title="bbox 299 3831 1791 3924; baseline -0.003 -22"><span class='ocrx_word' id='word_1_222' title='bbox 299 3835 372 3918; x_wconf 76' lang='lat' dir='ltr'><strong>(ric)</strong></span> <span class='ocrx_word' id='word_1_223' title='bbox 395 3831 596 3924; x_wconf 82' lang='lat' dir='ltr'><strong>[Elnrugge]</strong></span> <span class='ocrx_word' id='word_1_224' title='bbox 619 3839 657 3899; x_wconf 89' lang='lat' dir='ltr'><strong>et</strong></span> <span class='ocrx_word' id='word_1_225' title='bbox 683 3835 772 3899; x_wconf 87' lang='lat' dir='ltr'><strong>idem</strong></span> <span class='ocrx_word' id='word_1_226' title='bbox 788 3833 892 3898; x_wconf 84' lang='lat' dir='ltr'><strong>Adam</strong></span> <span class='ocrx_word' id='word_1_227' title='bbox 906 3834 946 3898; x_wconf 92' lang='lat' dir='ltr'><strong>de</strong></span> <span class='ocrx_word' id='word_1_228' title='bbox 961 3835 1102 3900; x_wconf 88' lang='lat' dir='ltr'><strong>Rcbsrto</strong></span> <span class='ocrx_word' id='word_1_229' title='bbox 1124 3836 1164 3900; x_wconf 90' lang='lat' dir='ltr'><strong>de</strong></span> <span class='ocrx_word' id='word_1_230' title='bbox 1187 3835 1320 3898; x_wconf 85' lang='lat' dir='ltr'><strong>Mortuo</strong></span> <span class='ocrx_word' id='word_1_231' title='bbox 1334 3835 1431 3912; x_wconf 87' lang='lat' dir='ltr'><strong>Mari,</strong></span> <span class='ocrx_word' id='word_1_232' title='bbox 1456 3841 1491 3899; x_wconf 90' lang='lat' dir='ltr'><strong>et</strong></span> <span class='ocrx_word' id='word_1_233' title='bbox 1515 3834 1604 3899; x_wconf 89' lang='lat' dir='ltr'><strong>idem</strong></span> <span class='ocrx_word' id='word_1_234' title='bbox 1631 3834 1791 3899; x_wconf 88' lang='lat' dir='ltr'><strong>Rcbertus</strong></span> 
     </span>
     <span class='ocr_line' id='line_1_27' title="bbox 295 3922 724 4008; baseline -0.007 -19"><span class='ocrx_word' id='word_1_235' title='bbox 295 3926 336 3989; x_wconf 88' lang='lat' dir='ltr'><strong>de</strong></span> <span class='ocrx_word' id='word_1_236' title='bbox 362 3945 438 4008; x_wconf 77' lang='lat' dir='ltr'><strong>rege</strong></span> <span class='ocrx_word' id='word_1_237' title='bbox 468 3942 525 4008; x_wconf 92' lang='lat' dir='ltr'><strong>per</strong></span> <span class='ocrx_word' id='word_1_238' title='bbox 548 3922 724 3987; x_wconf 78' lang='lat' dir='ltr'><strong>baroniam.</strong></span> 
     </span>
    </p>
   </div>
   <div class='ocr_carea' id='block_1_16' title="bbox 337 4058 1790 4143">
    <p class='ocr_par' dir='ltr' id='par_1_16' title="bbox 337 4058 1790 4143">
     <span class='ocr_line' id='line_1_28' title="bbox 337 4058 1790 4143; baseline -0.001 -19"><span class='ocrx_word' id='word_1_239' title='bbox 337 4060 520 4126; x_wconf 88' lang='lat' dir='ltr'><strong>Willelmus</strong></span> <span class='ocrx_word' id='word_1_240' title='bbox 535 4060 576 4124; x_wconf 92' lang='lat' dir='ltr'><strong>de</strong></span> <span class='ocrx_word' id='word_1_241' title='bbox 590 4059 695 4125; x_wconf 87' lang='lat' dir='ltr'><strong>Sclers</strong></span> <span class='ocrx_word' id='word_1_242' title='bbox 709 4063 801 4124; x_wconf 87' lang='lat' dir='ltr'><strong>tenet</strong></span> <span class='ocrx_word' id='word_1_243' title='bbox 815 4061 851 4123; x_wconf 95' lang='lat' dir='ltr'><strong>in</strong></span> <span class='ocrx_word' id='word_1_244' title='bbox 866 4059 978 4124; x_wconf 87' lang='lat' dir='ltr'><strong>eadem</strong></span> <span class='ocrx_word' id='word_1_245' title='bbox 993 4059 1074 4124; x_wconf 86' lang='lat' dir='ltr'><strong>villa</strong></span> <span class='ocrx_word' id='word_1_246' title='bbox 1087 4059 1134 4127; x_wconf 89' lang='lat' dir='ltr'><strong>di.</strong></span> <span class='ocrx_word' id='word_1_247' title='bbox 1147 4060 1170 4126; x_wconf 84' lang='lat' dir='ltr'><strong>f.</strong></span> <span class='ocrx_word' id='word_1_248' title='bbox 1183 4061 1223 4124; x_wconf 90' lang='lat' dir='ltr'><strong>de</strong></span> <span class='ocrx_word' id='word_1_249' title='bbox 1238 4059 1363 4143; x_wconf 78' lang='lat' dir='ltr'><strong>chero</strong></span> <span class='ocrx_word' id='word_1_250' title='bbox 1377 4059 1485 4143; x_wconf 77' lang='lat' dir='ltr'><strong>Tyrel,</strong></span> <span class='ocrx_word' id='word_1_251' title='bbox 1495 4065 1529 4125; x_wconf 86' lang='lat' dir='ltr'><strong>et</strong></span> <span class='ocrx_word' id='word_1_252' title='bbox 1543 4060 1631 4124; x_wconf 91' lang='lat' dir='ltr'><strong>idem</strong></span> <span class='ocrx_word' id='word_1_253' title='bbox 1647 4058 1790 4142; x_wconf 80' lang='lat' dir='ltr'><strong>Bogerus</strong></span> 
     </span>
    </p>
   </div>
   <div class='ocr_carea' id='block_1_17' title="bbox 155 4119 1460 4232">
    <p class='ocr_par' dir='ltr' id='par_1_17' title="bbox 155 4119 1460 4232">
     <span class='ocr_line' id='line_1_29' title="bbox 155 4119 1460 4232; baseline -0.002 -17"><span class='ocrx_word' id='word_1_254' title='bbox 155 4119 158 4122; x_wconf 18' lang='lat'><strong>⁴</strong></span> <span class='ocrx_word' id='word_1_255' title='bbox 295 4151 336 4215; x_wconf 88' lang='lat' dir='ltr'><strong>de</strong></span> <span class='ocrx_word' id='word_1_256' title='bbox 351 4148 492 4213; x_wconf 86' lang='lat' dir='ltr'><strong>Rcberto</strong></span> <span class='ocrx_word' id='word_1_257' title='bbox 506 4149 547 4213; x_wconf 89' lang='lat' dir='ltr'><strong>de</strong></span> <span class='ocrx_word' id='word_1_258' title='bbox 562 4148 721 4225; x_wconf 76' lang='lat' dir='ltr'><strong>chandoc,</strong></span> <span class='ocrx_word' id='word_1_259' title='bbox 737 4152 771 4210; x_wconf 89' lang='lat' dir='ltr'><strong>et</strong></span> <span class='ocrx_word' id='word_1_260' title='bbox 785 4148 874 4211; x_wconf 87' lang='lat' dir='ltr'><strong>idem</strong></span> <span class='ocrx_word' id='word_1_261' title='bbox 889 4147 1049 4212; x_wconf 86' lang='lat' dir='ltr'><strong>Rchertns</strong></span> <span class='ocrx_word' id='word_1_262' title='bbox 1064 4149 1103 4212; x_wconf 90' lang='lat' dir='ltr'><strong>de</strong></span> <span class='ocrx_word' id='word_1_263' title='bbox 1118 4168 1194 4232; x_wconf 86' lang='lat' dir='ltr'><strong>rege</strong></span> <span class='ocrx_word' id='word_1_264' title='bbox 1209 4167 1267 4232; x_wconf 89' lang='lat' dir='ltr'><strong>per</strong></span> <span class='ocrx_word' id='word_1_265' title='bbox 1281 4148 1460 4212; x_wconf 82' lang='lat' dir='ltr'><strong>baroniam.</strong></span> 
     </span>
    </p>
   </div>
   <div class='ocr_carea' id='block_1_18' title="bbox 339 4285 1422 4370">
    <p class='ocr_par' dir='ltr' id='par_1_18' title="bbox 339 4285 1422 4370">
     <span class='ocr_line' id='line_1_30' title="bbox 339 4285 1422 4370; baseline -0.005 -18"><span class='ocrx_word' id='word_1_266' title='bbox 339 4287 494 4352; x_wconf 86' lang='lat' dir='ltr'><strong>Ricardus</strong></span> <span class='ocrx_word' id='word_1_267' title='bbox 508 4286 549 4350; x_wconf 89' lang='lat' dir='ltr'><strong>de</strong></span> <span class='ocrx_word' id='word_1_268' title='bbox 564 4285 685 4368; x_wconf 84' lang='lat' dir='ltr'><strong>Crnpes</strong></span> <span class='ocrx_word' id='word_1_269' title='bbox 700 4288 792 4349; x_wconf 86' lang='lat' dir='ltr'><strong>tenet</strong></span> <span class='ocrx_word' id='word_1_270' title='bbox 806 4287 1010 4353; x_wconf 71' lang='lat' dir='ltr'><strong>Wrrmcrora</strong></span> <span class='ocrx_word' id='word_1_271' title='bbox 1025 4306 1083 4370; x_wconf 90' lang='lat' dir='ltr'><strong>pro</strong></span> <span class='ocrx_word' id='word_1_272' title='bbox 1097 4305 1154 4349; x_wconf 90' lang='lat' dir='ltr'><strong>un.</strong></span> <span class='ocrx_word' id='word_1_273' title='bbox 1170 4286 1192 4350; x_wconf 88' lang='lat' dir='ltr'><strong>f.</strong></span> <span class='ocrx_word' id='word_1_274' title='bbox 1208 4286 1249 4349; x_wconf 89' lang='lat' dir='ltr'><strong>de</strong></span> <span class='ocrx_word' id='word_1_275' title='bbox 1265 4305 1340 4370; x_wconf 88' lang='lat' dir='ltr'><strong>rege</strong></span> <span class='ocrx_word' id='word_1_276' title='bbox 1356 4285 1379 4351; x_wconf 91' lang='lat' dir='ltr'><strong>i.</strong></span> <span class='ocrx_word' id='word_1_277' title='bbox 1396 4307 1422 4348; x_wconf 92' lang='lat' dir='ltr'><strong>c.</strong></span> 
     </span>
    </p>
   </div>
   <div class='ocr_carea' id='block_1_19' title="bbox 295 4419 1791 4594">
    <p class='ocr_par' dir='ltr' id='par_1_19' title="bbox 295 4419 1791 4594">
     <span class='ocr_line' id='line_1_31' title="bbox 339 4419 1791 4508; baseline -0.001 -20"><span class='ocrx_word' id='word_1_278' title='bbox 339 4426 479 4488; x_wconf 84' lang='lat' dir='ltr'><strong>Thomas</strong></span> <span class='ocrx_word' id='word_1_279' title='bbox 502 4421 625 4506; x_wconf 82' lang='lat' dir='ltr'><strong>Oomyn</strong></span> <span class='ocrx_word' id='word_1_280' title='bbox 654 4427 745 4486; x_wconf 87' lang='lat' dir='ltr'><strong>tenet</strong></span> <span class='ocrx_word' id='word_1_281' title='bbox 774 4422 964 4491; x_wconf 77' lang='lat' dir='ltr'><strong>Ssnrsnrou</strong></span> <span class='ocrx_word' id='word_1_282' title='bbox 987 4443 1046 4506; x_wconf 89' lang='lat' dir='ltr'><strong>pro</strong></span> <span class='ocrx_word' id='word_1_283' title='bbox 1070 4423 1115 4490; x_wconf 91' lang='lat' dir='ltr'><strong>di.</strong></span> <span class='ocrx_word' id='word_1_284' title='bbox 1139 4423 1162 4487; x_wconf 86' lang='lat' dir='ltr'><strong>i.</strong></span> <span class='ocrx_word' id='word_1_285' title='bbox 1185 4424 1226 4487; x_wconf 91' lang='lat' dir='ltr'><strong>de</strong></span> <span class='ocrx_word' id='word_1_286' title='bbox 1241 4421 1405 4486; x_wconf 87' lang='lat' dir='ltr'><strong>Willelmo</strong></span> <span class='ocrx_word' id='word_1_287' title='bbox 1421 4419 1560 4508; x_wconf 81' lang='lat' dir='ltr'><strong>Oomyn,</strong></span> <span class='ocrx_word' id='word_1_288' title='bbox 1576 4425 1626 4485; x_wconf 89' lang='lat' dir='ltr'><strong>set</strong></span> <span class='ocrx_word' id='word_1_289' title='bbox 1644 4424 1733 4502; x_wconf 88' lang='lat' dir='ltr'><strong>(non)</strong></span> <span class='ocrx_word' id='word_1_290' title='bbox 1751 4419 1791 4486; x_wconf 84' lang='lat' dir='ltr'><strong>fit</strong></span> 
     </span>
     <span class='ocr_line' id='line_1_32' title="bbox 295 4508 1081 4594; baseline -0.005 -16"><span class='ocrx_word' id='word_1_291' title='bbox 295 4514 433 4590; x_wconf 89' lang='lat' dir='ltr'><strong>mencio,</strong></span> <span class='ocrx_word' id='word_1_292' title='bbox 448 4509 520 4589; x_wconf 75' lang='lat' dir='ltr'><strong>dcc,</strong></span> <span class='ocrx_word' id='word_1_293' title='bbox 535 4508 657 4594; x_wconf 91' lang='lat' dir='ltr'><strong>dequo</strong></span> <span class='ocrx_word' id='word_1_294' title='bbox 673 4508 764 4573; x_wconf 86' lang='lat' dir='ltr'><strong>idem</strong></span> <span class='ocrx_word' id='word_1_295' title='bbox 778 4509 964 4574; x_wconf 88' lang='lat' dir='ltr'><strong>Willelmns</strong></span> <span class='ocrx_word' id='word_1_296' title='bbox 978 4513 1081 4576; x_wconf 83' lang='lat' dir='ltr'><strong>tenet.</strong></span> 
     </span>
    </p>
   </div>
   <div class='ocr_carea' id='block_1_20' title="bbox 295 4643 1789 4819">
    <p class='ocr_par' dir='ltr' id='par_1_20' title="bbox 295 4643 1789 4819">
     <span class='ocr_line' id='line_1_33' title="bbox 338 4643 1789 4728; baseline -0.004 -14"><span class='ocrx_word' id='word_1_297' title='bbox 338 4649 504 4715; x_wconf 85' lang='lat' dir='ltr'><strong>Johannes</strong></span> <span class='ocrx_word' id='word_1_298' title='bbox 529 4648 559 4711; x_wconf 92' lang='lat' dir='ltr'><strong>le</strong></span> <span class='ocrx_word' id='word_1_299' title='bbox 586 4646 686 4728; x_wconf 84' lang='lat' dir='ltr'><strong>an,</strong></span> <span class='ocrx_word' id='word_1_300' title='bbox 712 4647 874 4711; x_wconf 83' lang='lat' dir='ltr'><strong>Waltcruc</strong></span> <span class='ocrx_word' id='word_1_301' title='bbox 897 4646 939 4710; x_wconf 91' lang='lat' dir='ltr'><strong>de</strong></span> <span class='ocrx_word' id='word_1_302' title='bbox 964 4646 1096 4727; x_wconf 85' lang='lat' dir='ltr'><strong>Berton,</strong></span> <span class='ocrx_word' id='word_1_303' title='bbox 1125 4647 1263 4712; x_wconf 84' lang='lat' dir='ltr'><strong>Absolon</strong></span> <span class='ocrx_word' id='word_1_304' title='bbox 1288 4646 1441 4726; x_wconf 82' lang='lat' dir='ltr'><strong>Clericus,</strong></span> <span class='ocrx_word' id='word_1_305' title='bbox 1465 4645 1579 4711; x_wconf 81' lang='lat' dir='ltr'><strong>Simon</strong></span> <span class='ocrx_word' id='word_1_306' title='bbox 1610 4644 1649 4709; x_wconf 91' lang='lat' dir='ltr'><strong>ds</strong></span> <span class='ocrx_word' id='word_1_307' title='bbox 1673 4643 1789 4725; x_wconf 86' lang='lat' dir='ltr'><strong>Solers,</strong></span> 
     </span>
     <span class='ocr_line' id='line_1_34' title="bbox 295 4734 1251 4819; baseline -0.004 -16"><span class='ocrx_word' id='word_1_308' title='bbox 295 4743 414 4803; x_wconf 86' lang='lat' dir='ltr'><strong>tenent</strong></span> <span class='ocrx_word' id='word_1_309' title='bbox 426 4737 614 4805; x_wconf 81' lang='lat' dir='ltr'><strong>Wmnsrou</strong></span> <span class='ocrx_word' id='word_1_310' title='bbox 630 4755 687 4816; x_wconf 90' lang='lat' dir='ltr'><strong>pro</strong></span> <span class='ocrx_word' id='word_1_311' title='bbox 701 4735 747 4800; x_wconf 84' lang='lat' dir='ltr'><strong>di.</strong></span> <span class='ocrx_word' id='word_1_312' title='bbox 764 4734 787 4796; x_wconf 81' lang='lat' dir='ltr'><strong>f.</strong></span> <span class='ocrx_word' id='word_1_313' title='bbox 801 4734 842 4797; x_wconf 89' lang='lat' dir='ltr'><strong>de</strong></span> <span class='ocrx_word' id='word_1_314' title='bbox 858 4734 991 4799; x_wconf 88' lang='lat' dir='ltr'><strong>baronia</strong></span> <span class='ocrx_word' id='word_1_315' title='bbox 1006 4735 1046 4797; x_wconf 89' lang='lat' dir='ltr'><strong>de</strong></span> <span class='ocrx_word' id='word_1_316' title='bbox 1061 4734 1251 4819; x_wconf 83' lang='lat' dir='ltr'><strong>Cormayles.</strong></span> 
     </span>
    </p>
   </div>
   <div class='ocr_carea' id='block_1_21' title="bbox 338 4870 1485 4958">
    <p class='ocr_par' dir='ltr' id='par_1_21' title="bbox 338 4870 1485 4958">
     <span class='ocr_line' id='line_1_35' title="bbox 338 4870 1485 4958; baseline -0.001 -22"><span class='ocrx_word' id='word_1_317' title='bbox 338 4873 516 4958; x_wconf 89' lang='lat' dir='ltr'><strong>Episcopus</strong></span> <span class='ocrx_word' id='word_1_318' title='bbox 531 4871 772 4955; x_wconf 78' lang='lat' dir='ltr'><strong>Wygomiensis</strong></span> <span class='ocrx_word' id='word_1_319' title='bbox 788 4875 881 4935; x_wconf 87' lang='lat' dir='ltr'><strong>tenet</strong></span> <span class='ocrx_word' id='word_1_320' title='bbox 894 4873 1079 4939; x_wconf 75' lang='lat' dir='ltr'><strong>Wrnmrors</strong></span> <span class='ocrx_word' id='word_1_321' title='bbox 1094 4871 1134 4934; x_wconf 90' lang='lat' dir='ltr'><strong>de</strong></span> <span class='ocrx_word' id='word_1_322' title='bbox 1149 4891 1223 4956; x_wconf 80' lang='lat' dir='ltr'><strong>rege</strong></span> <span class='ocrx_word' id='word_1_323' title='bbox 1238 4891 1295 4955; x_wconf 91' lang='lat' dir='ltr'><strong>per</strong></span> <span class='ocrx_word' id='word_1_324' title='bbox 1310 4870 1485 4936; x_wconf 90' lang='lat' dir='ltr'><strong>baroniam.</strong></span> 
     </span>
    </p>
   </div>
   <div class='ocr_carea' id='block_1_22' title="bbox 293 5006 1789 5271">
    <p class='ocr_par' dir='ltr' id='par_1_22' title="bbox 293 5006 1789 5271">
     <span class='ocr_line' id='line_1_36' title="bbox 339 5006 1789 5094; baseline -0.003 -19"><span class='ocrx_word' id='word_1_325' title='bbox 339 5008 500 5075; x_wconf 84' lang='lat' dir='ltr'><strong>Radulius</strong></span> <span class='ocrx_word' id='word_1_326' title='bbox 515 5008 643 5094; x_wconf 85' lang='lat' dir='ltr'><strong>Pypsrd</strong></span> <span class='ocrx_word' id='word_1_327' title='bbox 659 5013 748 5073; x_wconf 83' lang='lat' dir='ltr'><strong>tenet</strong></span> <span class='ocrx_word' id='word_1_328' title='bbox 765 5010 875 5076; x_wconf 71' lang='lat' dir='ltr'><strong>Asson</strong></span> <span class='ocrx_word' id='word_1_329' title='bbox 890 5030 945 5094; x_wconf 92' lang='lat' dir='ltr'><strong>pro</strong></span> <span class='ocrx_word' id='word_1_330' title='bbox 961 5029 1015 5072; x_wconf 85' lang='lat' dir='ltr'><strong>un.</strong></span> <span class='ocrx_word' id='word_1_331' title='bbox 1032 5008 1053 5073; x_wconf 84' lang='lat' dir='ltr'><strong>f.</strong></span> <span class='ocrx_word' id='word_1_332' title='bbox 1071 5009 1110 5072; x_wconf 89' lang='lat' dir='ltr'><strong>de</strong></span> <span class='ocrx_word' id='word_1_333' title='bbox 1124 5006 1298 5074; x_wconf 90' lang='lat' dir='ltr'><strong>heredibus</strong></span> <span class='ocrx_word' id='word_1_334' title='bbox 1314 5009 1353 5073; x_wconf 87' lang='lat' dir='ltr'><strong>de</strong></span> <span class='ocrx_word' id='word_1_335' title='bbox 1368 5009 1481 5093; x_wconf 78' lang='lat' dir='ltr'><strong>Longo</strong></span> <span class='ocrx_word' id='word_1_336' title='bbox 1496 5007 1630 5092; x_wconf 84' lang='lat' dir='ltr'><strong>Campo,</strong></span> <span class='ocrx_word' id='word_1_337' title='bbox 1643 5012 1679 5073; x_wconf 84' lang='lat' dir='ltr'><strong>et</strong></span> <span class='ocrx_word' id='word_1_338' title='bbox 1701 5008 1789 5071; x_wconf 91' lang='lat' dir='ltr'><strong>idem</strong></span> 
     </span>
     <span class='ocr_line' id='line_1_37' title="bbox 293 5093 1788 5181; baseline -0.003 -18"><span class='ocrx_word' id='word_1_339' title='bbox 293 5095 428 5163; x_wconf 88' lang='lat' dir='ltr'><strong>heredes</strong></span> <span class='ocrx_word' id='word_1_340' title='bbox 464 5097 505 5160; x_wconf 91' lang='lat' dir='ltr'><strong>de</strong></span> <span class='ocrx_word' id='word_1_341' title='bbox 542 5095 715 5159; x_wconf 88' lang='lat' dir='ltr'><strong>heredibus</strong></span> <span class='ocrx_word' id='word_1_342' title='bbox 752 5095 888 5160; x_wconf 87' lang='lat' dir='ltr'><strong>Walteri</strong></span> <span class='ocrx_word' id='word_1_343' title='bbox 925 5097 965 5160; x_wconf 88' lang='lat' dir='ltr'><strong>dc</strong></span> <span class='ocrx_word' id='word_1_344' title='bbox 1001 5093 1153 5181; x_wconf 75' lang='lat' dir='ltr'><strong>clyfford,</strong></span> <span class='ocrx_word' id='word_1_345' title='bbox 1192 5101 1227 5160; x_wconf 86' lang='lat' dir='ltr'><strong>et</strong></span> <span class='ocrx_word' id='word_1_346' title='bbox 1262 5097 1351 5160; x_wconf 90' lang='lat' dir='ltr'><strong>idem</strong></span> <span class='ocrx_word' id='word_1_347' title='bbox 1386 5095 1522 5160; x_wconf 88' lang='lat' dir='ltr'><strong>heredes</strong></span> <span class='ocrx_word' id='word_1_348' title='bbox 1559 5095 1600 5160; x_wconf 90' lang='lat' dir='ltr'><strong>ds</strong></span> <span class='ocrx_word' id='word_1_349' title='bbox 1638 5097 1788 5180; x_wconf 88' lang='lat' dir='ltr'><strong>episcopo</strong></span> 
     </span>
     <span class='ocr_line' id='line_1_38' title="bbox 293 5183 1278 5271; baseline -0.001 -23"><span class='ocrx_word' id='word_1_350' title='bbox 293 5183 531 5271; x_wconf 81' lang='lat' dir='ltr'><strong>Wygcmiensi,</strong></span> <span class='ocrx_word' id='word_1_351' title='bbox 547 5190 583 5247; x_wconf 90' lang='lat' dir='ltr'><strong>et</strong></span> <span class='ocrx_word' id='word_1_352' title='bbox 597 5183 685 5247; x_wconf 89' lang='lat' dir='ltr'><strong>idem</strong></span> <span class='ocrx_word' id='word_1_353' title='bbox 700 5183 871 5267; x_wconf 91' lang='lat' dir='ltr'><strong>episcopus</strong></span> <span class='ocrx_word' id='word_1_354' title='bbox 884 5183 925 5247; x_wconf 87' lang='lat' dir='ltr'><strong>de</strong></span> <span class='ocrx_word' id='word_1_355' title='bbox 939 5203 1016 5268; x_wconf 76' lang='lat' dir='ltr'><strong>rege</strong></span> <span class='ocrx_word' id='word_1_356' title='bbox 1032 5204 1088 5266; x_wconf 88' lang='lat' dir='ltr'><strong>per</strong></span> <span class='ocrx_word' id='word_1_357' title='bbox 1102 5183 1278 5248; x_wconf 80' lang='lat' dir='ltr'><strong>baroniam.</strong></span> 
     </span>
    </p>
   </div>
   <div class='ocr_carea' id='block_1_23' title="bbox 293 5319 1791 5582">
    <p class='ocr_par' dir='ltr' id='par_1_23' title="bbox 293 5319 1791 5582">
     <span class='ocr_line' id='line_1_39' title="bbox 336 5319 1791 5400; baseline -0.001 -15"><span class='ocrx_word' id='word_1_358' title='bbox 336 5322 530 5400; x_wconf 87' lang='lat' dir='ltr'><strong>Willelmus,</strong></span> <span class='ocrx_word' id='word_1_359' title='bbox 565 5322 714 5386; x_wconf 87' lang='lat' dir='ltr'><strong>dominus</strong></span> <span class='ocrx_word' id='word_1_360' title='bbox 750 5322 792 5386; x_wconf 93' lang='lat' dir='ltr'><strong>de</strong></span> <span class='ocrx_word' id='word_1_361' title='bbox 829 5321 1039 5398; x_wconf 80' lang='lat' dir='ltr'><strong>Doudeswell,</strong></span> <span class='ocrx_word' id='word_1_362' title='bbox 1078 5325 1167 5386; x_wconf 84' lang='lat' dir='ltr'><strong>tenet</strong></span> <span class='ocrx_word' id='word_1_363' title='bbox 1204 5323 1446 5400; x_wconf 80' lang='lat' dir='ltr'><strong>Donnnswnnn,</strong></span> <span class='ocrx_word' id='word_1_364' title='bbox 1487 5320 1704 5384; x_wconf 86' lang='lat' dir='ltr'><strong>hamelettum</strong></span> <span class='ocrx_word' id='word_1_365' title='bbox 1750 5319 1791 5384; x_wconf 90' lang='lat' dir='ltr'><strong>dc</strong></span> 
     </span>
     <span class='ocr_line' id='line_1_40' title="bbox 293 5406 1791 5493; baseline -0.008 -12"><span class='ocrx_word' id='word_1_366' title='bbox 293 5412 491 5488; x_wconf 63' lang='lat' dir='ltr'><strong>warnos,</strong></span> <span class='ocrx_word' id='word_1_367' title='bbox 504 5431 561 5493; x_wconf 90' lang='lat' dir='ltr'><strong>pro</strong></span> <span class='ocrx_word' id='word_1_368' title='bbox 575 5429 632 5473; x_wconf 90' lang='lat' dir='ltr'><strong>un.</strong></span> <span class='ocrx_word' id='word_1_369' title='bbox 647 5409 669 5473; x_wconf 89' lang='lat' dir='ltr'><strong>f.</strong></span> <span class='ocrx_word' id='word_1_370' title='bbox 685 5409 726 5474; x_wconf 91' lang='lat' dir='ltr'><strong>de</strong></span> <span class='ocrx_word' id='word_1_371' title='bbox 740 5408 940 5493; x_wconf 84' lang='lat' dir='ltr'><strong>Templariis,</strong></span> <span class='ocrx_word' id='word_1_372' title='bbox 955 5414 991 5472; x_wconf 92' lang='lat' dir='ltr'><strong>et</strong></span> <span class='ocrx_word' id='word_1_373' title='bbox 1005 5406 1183 5491; x_wconf 84' lang='lat' dir='ltr'><strong>Templarii</strong></span> <span class='ocrx_word' id='word_1_374' title='bbox 1204 5409 1245 5473; x_wconf 89' lang='lat' dir='ltr'><strong>de</strong></span> <span class='ocrx_word' id='word_1_375' title='bbox 1267 5410 1388 5473; x_wconf 88' lang='lat' dir='ltr'><strong>comite</strong></span> <span class='ocrx_word' id='word_1_376' title='bbox 1411 5407 1614 5485; x_wconf 86' lang='lat' dir='ltr'><strong>Herefordie,</strong></span> <span class='ocrx_word' id='word_1_377' title='bbox 1642 5411 1676 5472; x_wconf 81' lang='lat' dir='ltr'><strong>et</strong></span> <span class='ocrx_word' id='word_1_378' title='bbox 1702 5407 1791 5470; x_wconf 88' lang='lat' dir='ltr'><strong>idem</strong></span> 
     </span>
     <span class='ocr_line' id='line_1_41' title="bbox 294 5495 1510 5582; baseline -0.007 -18"><span class='ocrx_word' id='word_1_379' title='bbox 294 5519 400 5565; x_wconf 89' lang='lat' dir='ltr'><strong>comes</strong></span> <span class='ocrx_word' id='word_1_380' title='bbox 415 5498 454 5562; x_wconf 88' lang='lat' dir='ltr'><strong>de</strong></span> <span class='ocrx_word' id='word_1_381' title='bbox 470 5499 619 5582; x_wconf 88' lang='lat' dir='ltr'><strong>episcopo</strong></span> <span class='ocrx_word' id='word_1_382' title='bbox 634 5496 872 5580; x_wconf 77' lang='lat' dir='ltr'><strong>Wygomiensi,</strong></span> <span class='ocrx_word' id='word_1_383' title='bbox 885 5501 919 5557; x_wconf 90' lang='lat' dir='ltr'><strong>et</strong></span> <span class='ocrx_word' id='word_1_384' title='bbox 934 5497 1101 5579; x_wconf 87' lang='lat' dir='ltr'><strong>episcopus</strong></span> <span class='ocrx_word' id='word_1_385' title='bbox 1116 5495 1156 5558; x_wconf 88' lang='lat' dir='ltr'><strong>de</strong></span> <span class='ocrx_word' id='word_1_386' title='bbox 1170 5516 1246 5581; x_wconf 80' lang='lat' dir='ltr'><strong>rege</strong></span> <span class='ocrx_word' id='word_1_387' title='bbox 1262 5514 1319 5578; x_wconf 91' lang='lat' dir='ltr'><strong>per</strong></span> <span class='ocrx_word' id='word_1_388' title='bbox 1334 5495 1510 5559; x_wconf 89' lang='lat' dir='ltr'><strong>baroniam.</strong></span> 
     </span>
    </p>
   </div>
   <div class='ocr_carea' id='block_1_24' title="bbox 0 0 2064 6198">
    <p class='ocr_par' dir='ltr' id='par_1_24' title="bbox 0 0 2064 6198">
     <span class='ocr_line' id='line_1_42' title="bbox 0 0 2064 6198; baseline 0 0"><span class='ocrx_word' id='word_1_389' title='bbox 0 0 2064 6198; x_wconf 95' lang='lat' dir='ltr'><strong> </strong></span> 
     </span>
    </p>
   </div>
  </div>
 </body>
</html>
