4117 6200
342 616 384 676 20
1011 609 1198 678 DORSE'P.

387 829 500 894 Abbas
515 829 556 892 (19
567 827 662 895 Wast
677 827 788 892 tenuit
803 827 1051 892 Mousssrouu
1065 827 1101 892 in
1117 833 1312 913 perpetuam
1328 828 1541 895 elemosinam
1556 825 1598 890 de
1614 823 1748 890 domino
1764 843 1851 910 rege,

342 925 376 984 91
392 919 500 985 Adam
515 919 557 984 de
573 917 746 984 Strattoue
763 917 861 982 modo
877 922 978 983 19991.

387 1034 473 1100 1199
490 1034 654 1100 [tebertus
680 1033 770 1098 filius
786 1032 915 1118 Pagani
943 1037 1037 1097 19991
1060 1031 1252 1097 Bocchum
1274 1055 1335 1120 pro
1359 1056 1414 1099 un.
1439 1033 1464 1099 f.
1488 1055 1530 1098 9.
1554 1031 1576 1097 1.
1600 1052 1628 1097 9.
1649 1030 1691 1096 da
1715 1049 1801 1114 rege,
1816 1031 1852 1092 et

342 1125 365 1190 J
366 1126 513 1190 ohannes
529 1125 569 1189 (19
585 1123 707 1212 Rypirs
723 1123 820 1189 modo
836 1127 928 1188 tenet
944 1123 985 1187 de
1001 1122 1090 1187 dicto
1108 1122 1265 1187 Roberto.

389 1240 537 1304 Heredes
567 1238 692 1304 domini
725 1238 747 1302 J
749 1237 888 1303 ohannis
923 1238 965 1302 de
995 1237 1090 1303 Bello
1120 1236 1245 1323 Campo
1275 1242 1393 1304 tenent
1421 1259 1477 1304 un.
1508 1257 1651 1324 parvum
1681 1235 1703 1299 f.
1736 1256 1778 1300 9
1809 1232 1851 1298 (19

342 1329 534 1395 hlortannia
549 1329 581 1393 in
600 1329 865 1392 Wrurussouun
891 1326 1044 1392 Hermus
1067 1328 1088 1394 i.
1104 1349 1130 1394 9.
1146 1326 1187 1391 (19
1213 1327 1347 1393 domino
1371 1350 1456 1416 rege,
1472 1332 1506 1394 91
1522 1327 1697 1413 Philippus
1712 1325 1853 1412 Harang

344 1419 441 1484 modo
458 1423 550 1483 tenet
565 1418 606 1482 de
622 1417 781 1504 predictis
797 1417 982 1483 heredibus.

391 1532 478 1597 Item
490 1531 571 1598 dieti
581 1531 716 1598 heredes
727 1531 892 1596 lobannis
907 1532 948 1597 de
959 1531 1052 1598 Bello
1062 1531 1188 1622 Campo
1203 1537 1320 1598 199991
1335 1553 1390 1598 99.
1405 1551 1548 1618 parvum
1564 1530 1587 1596 1.
1604 1530 1646 1597 (19
1661 1529 1852 1596 Mortannia

344 1623 379 1686 in
396 1623 660 1687 W1urnssoaun
684 1621 858 1687 Gssunru
882 1623 902 1688 i.
930 1643 957 1690 c.
981 1622 1022 1687 de
1045 1643 1129 1712 rege,
1145 1628 1180 1689 et
1205 1623 1304 1688 modo
1328 1627 1420 1687 19991
1446 1621 1591 1687 Thomas
1618 1620 1660 1686 de
1686 1621 1783 1685 Aune
1810 1620 1852 1685 de

344 1712 442 1779 dictis
456 1711 641 1779 heredibus,

389 1827 585 1892 Edmundus
609 1826 757 1892 Everard
781 1833 876 1894 tenet
898 1827 941 1892 di.
966 1827 989 1892 f.
1015 1825 1052 1890 in
1067 1825 1172 1892 Wrsr
1186 1826 1371 1892 Srsrrom)
1387 1824 1427 1891 de
1452 1825 1596 1890 dominis
1613 1822 1780 1890 Willelmo
1806 1824 1847 1890 (19

344 1916 457 2022 (19919,
489 1923 523 1983 91
553 1918 698 1984 Roberto
729 1917 798 1982 filio
829 1915 964 2004 Pagani,
990 1921 1025 1981 ct
1055 1916 1156 1982 iidem
1184 1915 1370 1982 Willelmus
1397 1921 1432 1981 91
1456 1914 1623 1981 Robertus
1649 1914 1689 1979 (19
1714 1915 1849 1980 (199199

341 2027 665 2186 megs-Rome
688 2119 777 2184 filius
805 2120 930 2208 Pagani
953 2125 1048 2185 tenet
1071 2120 1211 2185 (11119
1228 2120 1333 2185 Wrs‘r
1360 2120 1522 2185 Srhrosn
1545 2120 1564 2183 i.
1590 2141 1615 2185 9.
1639 2119 1680 2184 (19
1705 2141 1790 2206 rege,
1817 2126 1851 2187 91

341 2211 478 2276 heredes
489 2209 561 2274 Elic
577 2209 618 2275 da
634 2209 794 2292 Rabeyne
809 2215 926 2276 199991
940 2210 982 2274 (19
998 2210 1088 2276 dicto
1100 2210 1254 2288 Robcrto,
1263 2217 1299 2276 91
1314 2209 1480 2275 liebertus
1496 2210 1537 2274 de
1552 2209 1738 2297 Bingeham
1753 2211 1851 2275 modo

342 2304 436 2367 tenet
451 2301 492 2366 de
508 2299 607 2366 (119119
622 2299 801 2366 heredibus
817 2320 876 2385 per
889 2299 1017 2367 dictum
1033 2300 1219 2366 servicium.

383 2415 499 2482 Abbas
523 2416 564 2481 de
580 2415 719 2482 Miltouo
746 2419 839 2482 19991
865 2414 1076 2482 0999199919
1099 2420 1133 2481 91
1155 2415 1360 2482 11999999
1386 2416 1423 2481 19
1447 2437 1567 2503 puram
1594 2420 1629 2483 91
1653 2421 1849 2503 perpetuam

340 2507 561 2573 elemosinam.

386 2621 482 2688 Prior
521 2619 637 2689 Sancti
668 2619 834 2688 Johannis
864 2617 1053 2687 Jerusalem
1093 2618 1129 2684 19
1159 2619 1283 2708 Anglie
1320 2626 1414 2687 19991
1444 2620 1566 2686 Mnus
1597 2617 1778 2687 Osrrrrrrs
1815 2627 1850 2688 91

341 2713 524 2780 89999999
541 2712 722 2778 09999999
738 2713 774 2776 in
791 2732 909 2799 puram
926 2716 961 2777 91
975 2714 1170 2796 perpetuam
1187 2710 1398 2776 elemosinam
1415 2712 1456 2775 de
1471 2711 1605 2776 domino
1621 2713 1732 2796 regei.
1748 2735 1773 2779 c

385 2829 471 2896 Item
496 2828 584 2895 idem
610 2825 701 2915 prior
727 2834 820 2895 19991
844 2850 946 2893 unam
972 2828 1095 2914 hydam
1121 2832 1209 2893 terre
1236 2829 1271 2891 in
1296 2828 1465 2893 Lonuns
1488 2829 1530 2894 de
1550 2833 1684 2900 domino
1706 2832 1849 2920 Hugone

350 2920 467 3007 Poyns‚
483 2925 517 2986 91
532 2920 622 2984 idem
637 2919 739 3008 Hugo
756 2919 868 3007 Poyns
883 2919 924 2983 de
939 2917 1074 2983 domino
1090 2939 1166 3006 rege
1182 2918 1202 2982 i.
1218 2938 1243 2984 9.
1260 2940 1319 3005 999
1334 2917 1513 2984 baroniam.

341 3033 584 3192 Ε(1Ι1ἒ99ί111ὺ99
609 3033 700 3121 99199
725 3039 819 3101 19991
848 3032 1094 3100 Wrsrrerorr
1139 3054 1198 3119 pro
1225 3032 1271 3101 di.
1299 3034 1322 3100 f.
1348 3034 1390 3101 de
1422 3034 1599 3103 heredibus
1627 3035 1774 3105 Cristine
1808 3038 1850 3104 de

393 3146 464 3191 eor
503 3148 520 3191 9
552 3162 649 3189 -.

385 3240 472 3308 1199
488 3240 598 3307 dictus
613 3240 705 3327 prior
719 3246 811 3307 tenet
827 3237 910 3305 duas
923 3239 1072 3327 virgatas
1088 3244 1176 3304 19999
1192 3238 1228 3304 19
1244 3238 1501 3307 8999999999
1516 3242 1557 3308 (19
1572 3242 1706 3310 (199199
1719 3244 1849 3333 Rogero

341 3332 382 3397 (19
402 3330 536 3397 Mortuo
553 3330 649 3408 Mari,
667 3336 701 3395 91
716 3330 825 3396 (119199
841 3330 990 3417 Rogatus
1006 3331 1046 3396 de
1062 3351 1138 3417 rege
1154 3330 1174 3395 i.
1190 3350 1216 3396 9.
1232 3352 1290 3416 999
1305 3330 1484 3397 baroniam.

385 3444 532 3510 Heredes
542 3444 705 3510 Johannis
721 3446 762 3510 de
778 3446 891 3531 Toruy
901 3450 1018 3511 199991
1034 3445 1076 3508 di.
1092 3444 1170 3510 19.
1187 3445 1222 3509 19
1235 3444 1462 3511 1191999999
1477 3448 1519 3513 (19
1530 3449 1708 3516 heredibus
1722 3451 1849 3517 domini

340 3534 480 3600 Walteri
497 3535 538 3599 de
550 3534 686 3620 Burges,
695 3540 730 3599 91
745 3534 808 3621 ipsi
827 3535 963 3601 heredes
979 3540 1097 3602 199991
1111 3534 1153 3600 (19
1165 3534 1310 3601 Roberto
1325 3536 1394 3602 filio
1403 3536 1539 3623 Pagrum,
1555 3544 1589 3605 91
1604 3540 1850 3625 ipseRobertus

339 3631 433 3690 19991
448 3624 468 3688 1.
481 3646 506 3690 9.
523 3624 564 3688 (19
581 3646 665 3711 rege.
706 3624 793 3689 Item
805 3624 969 3691 Ricardus
984 3625 1025 3690 de
1042 3624 1187 3690 Lomene
1196 3629 1289 3691 tenet
1298 3627 1343 3693 di.
1359 3626 1383 3694 f.
1399 3626 1531 3706 ibidem,
1547 3628 1588 3693 de
1605 3651 1671 3714 quo
1685 3630 1849 3717 ignorant.

385 3740 556 3804 Henricus
573 3736 689 3803 Sirerd
713 3743 806 3804 tenet
822 3740 953 3804 Murus
977 3740 1112 3805 Smhuo
1139 3739 1174 3804 19
1196 3741 1334 3829 sokagio
1361 3741 1401 3807 de
1420 3741 1564 3808 Roberto
1580 3742 1704 3821 Sirerd,
1720 3750 1755 3809 91
1778 3746 1849 3831 1999

338 3829 506 3896 Robertus
523 3833 616 3895 tonet
632 3829 671 3894 do
688 3828 821 3894 domino
837 3830 1003 3896 Willelmo
1019 3831 1060 3896 de
1075 3830 1244 3915 Aldeleye.

718 4224 955 4296 Huununnuu
979 4248 1026 4296 99
1049 4230 1465 4301 HUNDREDESBERG.

385 4389 411 4458 J
413 4396 560 4459 99919999
575 4392 616 4457 de
633 4391 807 4458 hundredo
822 4394 979 4480 predicte,
993 4395 1157 4463 Ricardus
1166 4398 1255 4478 1919,
1264 4399 1435 4466 Johannes
1452 4402 1493 4467 (19
1508 4400 1694 4481 9119991999,
1705 4403 1849 4469 Thomas

339 4484 380 4547 (19
397 4482 584 4569 Wirgrode,
601 4481 634 4546 N
638 4482 735 4547 icolas
752 4484 792 4547 (19
808 4483 943 4565 1199199,
959 4486 1068 4551 Adam
1084 4486 1183 4566 Kadi,
1199 4490 1384 4556 Willelmus
1399 4492 1440 4556 (19
1456 4492 1489 4556 19
1503 4493 1638 4578 Stigelc.

382 4598 434 4663 Dc
473 4598 630 4663 extractis
662 4603 696 4662 91
727 4600 1007 4665 999991919911999
1038 4603 1191 4667 scaccarii
1207 4625 1266 4689 per
1296 4624 1379 4689 quus
1399 4604 1512 4670 debita
1541 4606 1667 4671 domini
1697 4610 1784 4697 regis
1814 4609 1850 4672 in

340 4689 501 4754 comitatu
520 4688 659 4753 Dorscte
675 4692 745 4751 199
760 4686 851 4753 infra
868 4688 1039 4754 libertates
1054 4711 1153 4775 quam
1169 4696 1347 4770 99199199.

384 4804 519 4879 Dicunt,
535 4801 623 4888 quod
641 4800 757 4890 Agnes
773 4800 814 4867 de
830 4802 926 4868 Vesci
943 4808 993 4869 est
1009 4803 1145 4869 domina
1162 4806 1328 4873 hundredi
1353 4808 1503 4895 predicti,
1519 4817 1553 4879 91
1568 4812 1671 4878 habet
1685 4811 1847 4879 ballivum

338 4916 435 4958 suum
448 4893 599 4977 juratum
619 4892 800 4957 vicecomiti
813 4892 871 4976 qui
881 4892 1000 4978 recipit
1020 4900 1172 4960 extracta
1187 4897 1389 4964 vicecomitis
1403 4922 1464 4987 pro
1480 4902 1602 4967 debitis
1618 4904 1744 4970 domini
1760 4904 1847 4988 regis

340 4983 491 5048 levandis
518 4988 552 5047 91
582 4980 666 5059 91119,
692 5003 755 5066 que
783 4982 953 5046 dominum
980 5004 1091 5070 regem
1116 4986 1326 5074 contingunt,
1351 4994 1386 5056 et
1400 4991 1477 5056 inde
1493 4992 1638 5058 fideliter
1660 4992 1846 5059 vicecomiti

339 5074 525 5159 respondet.
588 5072 632 5135 Et
670 5071 760 5136 dictu
789 5070 911 5157 Agnes,
943 5078 976 5137 91
1015 5074 1255 5159 predecessores
1292 5081 1353 5157 sui,
1387 5081 1571 5148 marescalli
1608 5082 1740 5172 cinglio,
1770 5082 1849 5149 inde

337 5163 528 5228 habuerunt
543 5162 698 5225 seisinum
714 5181 734 5223 a
750 5182 897 5247 ucmpore
913 5183 978 5247 quo
993 5184 1061 5227 non
1077 5170 1188 5231 exstat
1203 5171 1369 5236 9999919

383 5277 434 5343 De
450 5276 538 5341 villis
554 5276 589 5339 in
606 5274 793 5353 hundreda,
808 5296 873 5361 quo
889 5282 969 5343 sunt
985 5279 1122 5367 regales,
1137 5287 1172 5350 91
1186 5305 1251 5369 quc
1265 5285 1449 5371 gildabiles,
1464 5294 1499 5355 et
1515 5310 1580 5375 que
1594 5310 1670 5366 non,
1687 5290 1747 5353 dac.

382 5392 516 5467 Dicunt,
529 5390 617 5475 quod
633 5390 669 5454 in
683 5391 828 5475 predicto
844 5392 1016 5461 hundredo
1032 5402 1113 5464 sunt
1127 5398 1206 5465 ville
1218 5400 1425 5481 W1soa0nu,
1440 5403 1555 5481 Hunc,
1571 5404 1849 5481 scenarusror,

337 5482 618 5558 Prnnrurouusr,
645 5481 877 5562 Arrsrrnnns,
909 5484 1274 5570 Prnuurrusseusvu,
1302 5498 1336 5557 91
1361 5498 1442 5559 sunt
1469 5515 1580 5559 omnes
1605 5492 1779 5581 gildcbiles
1803 5494 1849 5559 ad
