4117 6200
929 630 1009 705 Α.Ι),
1038 640 1131 703 1428.
1715 640 1776 701 183

275 924 404 1076 ultItem
427 922 541 1027 dicunt
562 923 648 1009 qnod
668 925 800 990 ecclesia
824 923 1015 1010 parochialis
1038 926 1079 990 de
1107 927 1306 995 Gsmsnann
1332 925 1434 990 nichil
1450 924 1536 991 valet
1561 945 1774 1009 perannum,

326 1032 360 1075 ra
374 1032 522 1097 repnsas.

316 1150 403 1215 Item
424 1150 549 1229 dicunt,
571 1151 657 1234 quod
681 1151 812 1215 ecclesia
836 1150 1025 1235 parochialis
1052 1152 1169 1221 sinen
1196 1150 1432 1233 Jicoc1,va1ec
1457 1172 1515 1237 per
1539 1171 1673 1229 annum,
1688 1150 1774 1217 ultra

313 1376 400 1441 Item
426 1377 549 1457 dicunt,
573 1377 658 1461 quod
684 1376 819 1441 ecclesia
843 1376 1035 1462 parochialis
1063 1376 1201 1446 Onsmn
1229 1379 1424 1446 Siscnoaon
1447 1378 1537 1443 valet
1560 1398 1617 1463 per
1641 1397 1774 1457 annum,

272 1462 358 1529 ultra
372 1466 518 1549 teprisas,
533 1465 582 1550 iij.
596 1488 622 1531 s.
639 1464 701 1550 iiij.
714 1466 745 1530 d.

317 1602 402 1667 Item
416 1603 542 1683 dicunt,
556 1604 641 1687 quod
655 1603 788 1668 ecclesia
803 1600 995 1687 parochialis
1023 1603 1141 1671 Sason
1168 1603 1330 1669 N1cnom1
1346 1603 1433 1667 valet
1457 1624 1512 1687 per
1535 1624 1668 1685 annum,
1688 1604 1775 1668 ultra

275 1692 421 1774 repsisse,
435 1712 465 1756 v.
480 1712 611 1755 marcas.

316 1828 403 1892 Item
418 1828 543 1908 dicunt,
557 1828 643 1912 quod
657 1829 791 1893 ecclesia
805 1826 997 1912 parochialis
1015 1828 1133 1897 sicem
1156 1828 1329 1895 Lnossam
1344 1828 1431 1892 valet
1455 1849 1513 1913 per
1539 1847 1673 1905 annum,
1686 1827 1773 1892 ultra

274 1916 418 1999 reprisas,
432 1937 463 1983 v.
478 1937 612 1983 marcas.

316 2053 404 2118 Item
427 2055 552 2133 dicunt,
583 2054 668 2137 quod
698 2054 832 2119 ecclesia
860 2052 1052 2139 parochialis
1081 2053 1207 2122 Smonn
1237 2054 1351 2120 Mmm
1375 2054 1583 2122 Maomnnsn
1606 2052 1694 2119 valet
1715 2073 1773 2137 per

273 2160 406 2222 annum,
419 2144 506 2208 ultra
519 2143 666 2226 reprisas,
684 2162 717 2213 x.
732 2164 760 2209 a.

317 2269 405 2334 Item
433 2270 557 2350 dicunt,
583 2271 669 2354 quod
698 2270 831 2336 ecclesia
856 2267 1046 2355 parochialis
1072 2272 1189 2340 Sason
1213 2272 1332 2339 Es1n11
1348 2272 1435 2337 valet
1457 2292 1515 2357 per
1536 2292 1669 2354 annum,
1687 2270 1772 2335 ultra

273 2360 419 2441 reprisas,
433 2357 509 2442 lxvj.
520 2382 548 2425 s.
564 2358 633 2443 viij.
646 2359 679 2425 d.

316 2497 401 2562 Item
416 2498 541 2577 dicunt,
556 2498 643 2581 quod
656 2498 790 2563 ecclesia
803 2495 994 2582 parochialis
1010 2497 1129 2567 Sascm
1150 2497 1321 2565 Bonnam
1343 2498 1432 2563 valet
1452 2517 1509 2582 per
1530 2518 1663 2576 annum,
1685 2496 1771 2561 ultra

272 2585 417 2670 repsisse,
431 2584 509 2671 lxvj.
520 2608 547 2652 a.
564 2584 613 2670 iij.
626 2587 658 2652 cl.
1787 2620 1791 2631 ·

315 2722 402 2788 Item
427 2722 551 2803 dicunt,
576 2724 661 2807 quod
684 2723 818 2789 ecclesia
843 2722 1033 2808 parochialis
1049 2722 1090 2787 de
1105 2722 1347 2791 Esmossnonn
1363 2722 1450 2787 valet
1463 2743 1521 2807 per
1536 2741 1669 2803 annum,
1685 2722 1772 2787 ultra

272 2812 419 2895 reprisas,
431 2811 481 2895 iij.
493 2834 520 2877 a.
536 2811 598 2895 iiij.
611 2812 643 2878 d.
1185 2842 1192 2855 ·

315 2948 356 3012 In
393 2946 486 3032 cujus
522 2948 569 3012 rei
606 2946 831 3011 testimonium
867 2943 945 3010 huic
975 2947 1182 3032 inquisicioni
1214 2947 1376 3031 juratores
1406 2947 1547 3032 predicti
1577 2947 1684 3033 sigilla
1713 2966 1771 3011 sua

272 3039 501 3121 apposuerunt.
545 3034 679 3115 Datum,
694 3034 759 3114 die,
772 3034 842 3099 loco
856 3039 890 3099 et
904 3054 990 3099 anno
1005 3035 1209 3119 supradictis.

314 3500 491 3586 inquisicio
504 3506 600 3586 capta
614 3500 701 3585 apud
710 3497 940 3578 Chelmesiord,
950 3499 985 3563 in
1001 3498 1161 3563 comitatu
1176 3496 1320 3577 Esssxic,
1329 3497 1381 3561 dia
1389 3495 1522 3562 Veneris
1537 3499 1571 3562 in
1587 3498 1769 3583 septimana

272 3590 489 3669 Pentecostss,
517 3608 603 3653 anno
631 3589 725 3674 regni
746 3588 833 3673 regis
862 3587 997 3652 Henrici
1026 3587 1111 3651 sexti
1140 3589 1213 3670 post
1242 3589 1454 3668 conquestum
1485 3587 1636 3670 septimo,
1660 3608 1769 3652 soram

271 3678 419 3743 Johanna
434 3679 561 3762 Helyon
578 3677 619 3740 de
634 3673 882 3759 Fynchyngfeld
898 3679 931 3740 et
947 3676 1041 3739 sociis
1057 3675 1133 3754 suis,
1150 3672 1374 3737 collectoribus
1389 3673 1558 3756 cujusdam
1575 3674 1712 3739 subsidii
1726 3676 1769 3740 de

271 3765 414 3848 quolibet
427 3768 493 3846 (sic)
505 3762 657 3850 parochia
667 3763 752 3826 infra
763 3765 956 3828 comitatum
966 3762 1108 3839 Essexie,
1118 3761 1206 3834 dioto
1221 3761 1351 3824 domino
1364 3765 1435 3844 regi
1449 3783 1469 3824 a
1485 3760 1589 3827 laiicis
1599 3763 1636 3826 in
1650 3763 1769 3827 ultimo

270 3852 487 3935 parliamento
524 3873 582 3916 suo
610 3850 764 3931 concessi,
793 3871 850 3934 per
879 3855 1118 3915 sacramentum
1148 3846 1306 3913 Johannis
1334 3847 1444 3927 Tasta,
1473 3847 1635 3914 Johannis
1665 3850 1769 3935 Lyca,

271 3938 427 4003 Johannis
442 3937 598 4024 Bysshop,
614 3938 772 4002 Willelmi
786 3938 923 4023 Rogare,
940 3936 1100 4002 Johannis
1115 3936 1244 4020 Kyngs,
1265 3934 1286 3998 J
1288 3936 1423 3999 ohannis
1438 3935 1589 4021 Wryght,
1611 3934 1768 4002 Johannis

271 4025 402 4106 Stevan,
424 4027 581 4091 Johannis
603 4026 707 4106 Hodo,
730 4024 888 4091 Johannis
914 4024 1065 4102 causton,
1081 4023 1224 4089 Simonis
1253 4023 1365 4106 Pepm,
1378 4022 1497 4108 Rogati
1525 4023 1709 4092 Constabsll
1734 4031 1768 4090 et

270 4112 402 4181 Roberti
417 4113 533 4198 Baker,
550 4116 606 4200 qui
621 4115 737 4178 dicunt
753 4134 848 4198 super
863 4117 1101 4178 sacramentum
1116 4132 1210 4180 suum
1227 4113 1312 4194 quod
1322 4134 1375 4176 :—

271 4342 302 4403 te
312 4250 386 4406 Nosti
401 4258 477 4317 sunt
492 4251 577 4317 inira
590 4252 777 4337 parochiam
791 4251 832 4315 de
849 4250 1159 4319 Sonansanannson
1174 4247 1285 4312 decem
1301 4245 1527 4313 inhabitantes
1542 4253 1577 4313 et
1603 4248 1768 4312 domicilia

303 4359 366 4406 nen
383 4361 428 4406 es.

318 4479 399 4558 (Tha
415 4477 476 4544 lit-e
491 4489 612 4558 return,
630 4480 665 4543 in
681 4478 730 4544 the
745 4501 829 4544 sanic
846 4477 957 4556 words,
965 4477 1025 4560 sor
1041 4476 1090 4540 tite
1101 4474 1247 4559 parisiaca
1264 4473 1372 4556 oss-i

315 4617 454 4696 Somou,
480 4617 687 4696 Snonnnosm
712 4618 913 4694 stnwnnm
937 4618 1121 4693 Assmnos,
1148 4613 1374 4690 Sisssnnson,
1392 4611 1600 4688 Asssnnnsin
1619 4609 1764 4691 Nomos,

271 4705 494 4783 Camasaann,
526 4707 767 4772 Tonnassosnn
797 4706 952 4781 Masona,
986 4704 1130 4770 Sancosa
1160 4701 1283 4777 Vannii,
1312 4699 1501 4778 Anaunsos,
1533 4699 1764 4778 Wi'xnsmwn,

270 4791 452 4871 Baaxssno,
492 4793 723 4870 annaosna,
762 4793 870 4856 Psavs
907 4791 1059 4868 Honorio,
1099 4789 1264 4864 nisime,
1304 4787 1482 4862 Wnnnnom
1525 4786 1764 4864 [Pannonicas

269 4878 618 4959 ansnmt,Qoaanas
627 4883 695 4958 (sic)
704 4880 852 4957 hossas,
861 4879 1028 4956 Twnsnan,
1037 4875 1398 4953 M1mm0s,Baun1>0s
1408 4873 1765 4953 aannaoos,Ovnnon,

269 4965 433 5044 Tannoni,
456 4967 564 5030 Paavs
579 4968 734 5045 Gannsn,
761 4967 902 5043 Lissos,
930 4965 1121 5041 Panasion,
1147 4964 1306 5028 [insanos
1329 4961 1426 5039 Bons,
1451 4961 1610 5026 Tnnnnos
1632 4960 1764 5038 Mounn,

268 5051 375 5202 ΕΜ
405 5053 547 5132 Lavaan,
581 5053 746 5132 Susanna,
777 5054 911 5119 Nomos
943 5053 1181 5130 Maosnnvinn,
1214 5050 1322 5114 Paavs
1348 5047 1450 5128 Laos,
1476 5049 1646 5117 Wnnsonn
1676 5049 1762 5126 (aad)

297 5161 394 5206 ason.

311 5275 351 5339 In
387 5273 481 5359 cujus
516 5276 562 5340 rei
591 5275 816 5341 testimonium
845 5275 920 5339 huic
957 5273 1165 5358 inquisicioni
1197 5272 1358 5359 juratores
1387 5269 1527 5357 predicti
1565 5267 1672 5353 sigilla
1707 5287 1765 5332 sna

267 5368 494 5448 apposuerunt.
538 5364 672 5445 Datum,
689 5363 754 5440 die,
767 5363 837 5427 loco
853 5368 985 5426 stanno
1000 5360 1204 5445 supradictis.
