4117 6200
279 640 344 703 406
919 637 1179 706 HEREFORD.

321 921 370 986 Dc
386 921 524 1006 quadem
541 923 690 1008 porcione
704 925 791 1009 xxxij
796 946 837 991 .s.
855 945 952 1008 quem
966 930 1072 990 rector
1084 925 1126 989 de
1140 924 1243 988 Parve
1254 923 1376 988 Mercle
1386 923 1533 1008 percepit
1543 923 1578 985 in
1590 921 1725 986 ecclesis
1735 922 1778 986 de

281 1009 504 1076 annswsnn.
551 1012 749 1093 Subsidium,
764 1011 879 1091 nichil,
892 1018 954 1078 etc.
978 1010 1177 1099 [recorded]
1198 1012 1247 1096 iij.
1258 1033 1285 1079 s.
1302 1011 1384 1099 ij.d.
1401 1011 1452 1076 ob.
1471 1007 1618 1097 [added]

324 1145 373 1210 De
398 1147 537 1230 quadam
565 1150 712 1230 porcione
738 1148 818 1232 vj.c.
847 1149 915 1214 vii'.
931 1147 965 1213 d.
992 1169 1090 1232 quam
1116 1149 1204 1229 prior
1229 1148 1270 1212 de
1293 1147 1378 1231 Lyra
1407 1147 1554 1230 percepit
1582 1145 1618 1208 in
1649 1145 1775 1210 eudem.

281 1233 480 1313 Subsidium,
494 1236 606 1316 nichil,
620 1243 682 1302 eto.
706 1170 904 1322 [coccolledl
925 1233 1038 1320 viiic.
1061 1231 1207 1322 [added]

789 1477 984 1543 Dnonrtsrus
1007 1498 1051 1542 nn
1073 1475 1272 1545 wuston.

322 1638 371 1700 De
384 1638 524 1723 quedem
541 1639 688 1717 porcione
703 1639 747 1706 nl.
758 1659 784 1704 s.
801 1659 898 1722 quam
914 1639 1000 1721 prior
1015 1638 1055 1702 de
1070 1638 1207 1702 Ncwent
1222 1637 1367 1719 percepit
1382 1638 1418 1699 in
1439 1635 1572 1700 ecclesis
1597 1634 1638 1698 de
1664 1636 1776 1701 Prone

279 1727 395 1794 Rnore.
441 1724 640 1806 Subsidium,
655 1724 768 1807 nichil,
783 1736 844 1791 etc.
867 1723 1065 1812 [consulturi]
1086 1725 1188 1809 iiij.c.
1211 1720 1356 1810 [added]

318 1861 366 1926 De
380 1862 520 1946 quedem
535 1863 683 1946 porcione
697 1883 759 1948 rrrJ.
773 1883 963 1939 morcarum,
979 1882 1078 1946 quam
1103 1880 1241 1946 persona
1259 1861 1459 1924 decimarum
1472 1858 1718 1924 dominicalium
1734 1857 1776 1922 dc

276 1947 662 2123 yglyipipogpfgplplpffin
677 1950 812 2014 ccclesia
827 1951 868 2014 de
883 1950 1086 2020 Wnnrurors.
1133 1947 1333 2026 Subsidium,
1347 1946 1460 2025 nichil,
1476 1953 1539 2014 etc.
1570 1942 1769 2032 [corrected]

320 2175 369 2239 De
383 2175 522 2258 quodem
539 2177 771 2258 porcionem.
788 2196 885 2259 quam
900 2177 986 2259 prior
1002 2173 1173 2238 Herlordie
1188 2175 1331 2258 percepit
1346 2173 1381 2235 in
1406 2172 1531 2236 eodem.
1577 2170 1776 2248 Subsidium,

276 2261 379 2326 nichil
400 2259 598 2350 [concedet]
619 2261 720 2348 xij.d.
744 2260 889 2349 [added]

198 2439 201 2446 ·
327 2400 392 2490 [De
417 2402 555 2488 quodam
580 2403 730 2486 porcione
756 2422 845 2467 ιω.
872 2422 971 2486 quom
998 2403 1085 2486 prior
1109 2400 1151 2465 de
1188 2402 1318 2486 Kylpslr
1343 2404 1489 2486 percepit
1516 2404 1552 2466 in
1580 2401 1718 2466 ecclesis
1733 2400 1776 2464 de

283 2486 498 2577 [Bonum]
545 2489 742 2568 Subsidium,
757 2486 872 2569 nichil,
889 2492 953 2556 etc.
976 2399 1175 2578 [cccceiledd]
1196 2490 1270 2572 ij.s.
1294 2487 1440 2576 [added]

322 2626 390 2780 Hie
420 2628 557 2712 quedam
586 2627 737 2710 porcione
766 2647 818 2690 xx.
836 2647 861 2690 s.
900 2647 1001 2711 quern
1038 2623 1139 2799 prior?
1182 2625 1356 2691 Herfordie
1393 2627 1538 2710 percepit
1573 2626 1610 2689 in
1646 2625 1773 2690 eedem.

276 2715 322 2780 Su
358 2714 462 2779 idium
477 2714 564 2791 inde,
579 2711 695 2791 nichil,
709 2720 771 2778 etc.
795 2710 993 2800 [corrected]
1015 2714 1090 2797 ij.s.
1128 2711 1260 2800 added]

323 2849 387 2938 [De
401 2849 540 2952 quodum
556 2851 706 2952 porcione
721 2849 770 2935 iij.
781 2869 808 2915 s.
825 2850 888 2934 iiij.
899 2847 932 2914 d.
949 2847 1064 2952 quern]
1085 2850 1174 2932 prior
1188 2849 1230 2914 dc
1246 2849 1413 2914 Lemestre
1427 2850 1569 2934 percipit
1590 2850 1626 2913 in
1648 2847 1773 2914 endem.

281 2937 487 3026 [Subsidium
502 2937 716 3017 rnde,n1cbrl,
732 2943 795 3002 etc.
812 2937 977 3002 ooccelled.
1002 2938 1066 3021 irrJ.
1078 2935 1112 3002 d.
1128 2934 1260 3024 added]

325 3069 389 3159 [De
414 3072 555 3156 quadarn
582 3073 734 3156 porcione
761 3095 791 3138 x.
805 3091 831 3138 s.
849 3069 963 3159 quom]
984 3093 1120 3157 persons
1145 3073 1187 3137 de
1212 3071 1396 3137 Pudlesdon
1418 3070 1576 3160 [percepit
1597 3071 1633 3136 in
1648 3071 1774 3137 eedem.

275 3159 473 3237 Subsidium,
489 3158 603 3238 nichil,
618 3162 863 3226 etc.·ccncelled.
882 3159 910 3245 j.
921 3179 947 3224 s.
964 3158 1096 3247 orhtod]

325 3295 732 3447 [licquadumglporcione
747 3298 796 3381 iij.
807 3317 834 3363 e.
851 3298 913 3363 iii'.
925 3297 1073 3402 d.·quem
1090 3299 1227 3361 vicarius
1242 3299 1283 3362 de
1298 3298 1416 3363 Felton
1429 3298 1574 3382 percepit
1599 3299 1634 3361 in
1648 3295 1775 3363 ecdem.

274 3385 475 3464 Subsidium,
490 3406 544 3448 nrc
567 3385 604 3465 rl,
620 3390 683 3450 etc.
706 3320 906 3472 [concellecll]
927 3406 990 3469 ruJ.
1003 3383 1037 3450 d.
1060 3382 1206 3473 [added]

318 3519 366 3581 De
403 3519 543 3601 quodem
580 3520 730 3601 porcione
767 3541 797 3586 x.
814 3540 840 3585 s.
880 3541 979 3605 quarn
1015 3522 1104 3605 prior
1133 3520 1306 3584 Herfordie
1336 3522 1480 3605 percepit
1509 3522 1544 3584 in
1573 3520 1706 3585 ecclesie
1734 3521 1777 3585 de

274 3606 487 3672 Loownunrrs.
540 3601 755 3692 [Subsidium,
772 3608 884 3687 nichil,
899 3614 962 3673 etc.
980 3608 1146 3673 cancelled.
1169 3607 1231 3692 jue
1248 3604 1380 3693 added]

317 3742 364 3805 De
389 3742 528 3826 quedem
553 3744 702 3825 porcione
728 3743 814 3828 iij.s.
831 3743 938 3828 iiij.d.
965 3766 1065 3829 quam
1091 3746 1178 3829 prior
1203 3744 1339 3827 Majoris
1368 3744 1535 3810 Malverne
1563 3744 1710 3828 percepit
1738 3746 1774 3808 iu

271 3829 406 3893 ecclesie
427 3826 498 3917 [de]
520 3831 674 3898 Wnsnou.
721 3832 922 3911 Subsidium,
940 3831 1054 3912 nichil,
1072 3842 1135 3898 etc.
1158 3828 1357 3918 [cancellat]
1378 3833 1483 3918 iujo.
1506 3828 1651 3920 [added]

315 3965 364 4030 De
379 3966 521 4050 quedam
536 3967 686 4052 porcione
701 3988 767 4035 ιε.
785 3990 883 4053 quem
898 3971 984 4054 prior
1000 3970 1171 4034 Herfordie
1185 3970 1329 4053 percepit
1344 3970 1380 4033 in
1402 3970 1526 4036 eedem.
1572 3968 1775 4048 Subsidium,

272 4052 385 4133 nichil,
400 4060 460 4120 etc.
485 4052 683 4143 [recorded]
702 4056 766 4141 j.s.
790 4054 935 4144 [added]

313 4182 362 4247 De
379 4184 516 4267 quedem
531 4187 683 4267 porcione
697 4186 720 4251 1.
730 4206 756 4251 s.
773 4207 871 4269 quarn
886 4188 972 4271 prior
986 4187 1025 4249 de
1042 4185 1194 4249 Knncbes
1209 4187 1353 4271 percepit
1378 4187 1414 4249 iu
1437 4186 1571 4250 ecclesie
1595 4186 1637 4249 de
1665 4185 1774 4256 Sroun

273 4270 403 4337 unsre
448 4271 649 4351 Subsidium,
664 4270 775 4353 nichil,
793 4278 855 4338 etc.
878 4269 1076 4360 [cancellari]
1098 4293 1127 4337 v.
1137 4293 1164 4339 c.
1187 4269 1334 4360 [added]

752 4565 947 4631 Dnosusnus
970 4586 1014 4631 un
1038 4564 1295 4632 LEMESTRE.

313 4726 362 4793 De
385 4726 525 4810 quedem
550 4726 701 4810 porcione
726 4748 778 4791 xv.
795 4746 822 4791 s.
854 4748 952 4811 quem
983 4730 1070 4811 prior
1100 4727 1142 4791 de
1173 4725 1305 4810 Kylpelr
1376 4727 1480 4808 rcepit
1505 4727 1540 4788 in
1570 4723 1705 4789 ecclesio
1730 4724 1773 4789 dc

271 4815 463 4881 Lnunsnnn.
510 4814 711 4894 Subsidium,
727 4815 840 4893 nichil,
855 4822 917 4880 etc.
941 4812 1140 4901 [corrected]
1164 4813 1254 4898 xviij.
1267 4812 1300 4879 d.
1339 4811 1469 4899 added]

310 4950 359 5013 De
374 4950 515 5033 quodem
529 4951 681 5034 porcione
696 4951 804 5035 xiij.s.
821 4953 883 5037 iiij,
895 4950 928 5019 d.
945 4972 1044 5035 quom
1065 4952 1208 5015 cononici
1238 4951 1279 5014 de
1306 4951 1432 5033 Oseney
1447 4955 1661 5034 perceperunt
1684 4951 1774 5035 opud

269 5038 466 5105 stuerors.
512 5037 702 5103 Subsidium
717 5039 803 5117 inde,
820 5037 934 5120 nichil,
950 5045 1012 5103 etc.
1037 5035 1236 5126 [concutiet]
1258 5038 1323 5121 xvj.
1336 5036 1370 5103 d.
1393 5035 1539 5125 [added]

310 5175 359 5238 Dc
375 5176 515 5257 quodem
529 5176 677 5259 porcione
693 5175 728 5255 ij.
739 5194 765 5239 s.
782 5196 880 5258 quam
893 5177 1045 5240 monachi
1061 5176 1252 5240 llereiordie
1269 5181 1481 5260 perceperunt
1496 5176 1533 5238 in
1555 5173 1770 5241 Bssnnrnnu.

270 5262 472 5341 Subsidium,
486 5262 599 5339 nichil,
614 5266 676 5326 eto.
701 5258 899 5349 [co-ocellcdst¹
920 5264 957 5350 ij.
970 5262 1004 5329 d.
1022 5265 1073 5329 ob.
1097 5261 1243 5351 [added]

312 5402 362 5465 De
387 5401 526 5484 quodem
549 5398 699 5482 porcione
725 5399 769 5465 xl.
785 5420 812 5466 s.
838 5422 937 5485 quem
967 5403 1113 5466 canonici
1144 5402 1185 5465 de
1215 5400 1411 5486 Wyggemor
1439 5404 1652 5483 perceperunt
1681 5402 1769 5483 opud

269 5489 436 5558 Ounnrou.
482 5486 683 5567 Subsidium,
699 5486 804 5551 nichil
831 5496 893 5554 etc.
917 5486 1116 5576 [cancellat]
1137 5488 1237 5573 iiija.
1259 5484 1405 5575 [added]
