4117 6200
922 614 1005 681 AJ).
1036 618 1131 683 1428.
1368 654 1374 665 ·
1704 617 1767 682 231

296 893 376 1048 ”Dei
388 896 560 963 heredibus
583 899 733 963 Alienore
758 899 870 964 Fersrs
895 920 953 985 pro
973 900 998 987 1‘.
1026 902 1050 966 f.
1076 921 1120 966 m.
1145 901 1181 964 iu
1213 901 1397 969 Srssssuo.
1456 902 1656 979 Subsidium,
1679 902 1723 988 vj.
1740 925 1767 968 s.

272 1000 343 1067 vuJ.
377 1031 386 1049 .

317 1117 365 1271 lile
390 1119 560 1187 heredibus
582 1122 824 1209 Bybesworthes
846 1145 904 1209 pro
929 1122 1004 1212 iiij‘·
1029 1129 1121 1209 porte
1145 1147 1201 1191 un.
1218 1128 1240 1193 f.
1256 1148 1302 1192 m.
1323 1127 1359 1189 in
1384 1124 1523 1195 Sunius.
1572 1125 1771 1205 Subsidium,

274 1228 324 1273 ιι.
356 1256 364 1272 .

317 1342 366 1407 De
379 1342 553 1411 heredibus
567 1346 686 1432 Rogeri
707 1348 793 1412 Psrk
807 1370 863 1435 pro
884 1350 929 1415 di.
950 1348 974 1415 f.
991 1370 1036 1417 m.
1052 1351 1088 1414 in
1104 1350 1228 1416 eadem.
1276 1350 1477 1431 Subsidium,
1493 1349 1542 1436 iij.
1554 1373 1580 1415 s.
1597 1348 1658 1435 iiij.
1670 1350 1702 1415 d.

318 1479 366 1544 De
398 1479 572 1551 heredibus
607 1484 771 1569 Rndulphi
807 1484 934 1573 Pypsrd
975 1507 1033 1570 pro
1068 1487 1114 1552 di.
1152 1487 1176 1553 f.
1206 1508 1251 1553 m.
1289 1488 1325 1551 in
1362 1488 1569 1553 Lsuususon
1590 1492 1625 1549 eb
1639 1486 1771 1553 Hunis.

278 1566 477 1649 Subsidium,
491 1570 540 1657 iij.
550 1594 577 1637 s.
594 1571 655 1658 iiij.
668 1574 700 1639 d.

319 1704 369 1771 De
383 1704 555 1773 heredibus
569 1710 749 1796 Wsstoyles
763 1730 820 1795 pro
834 1711 880 1777 di.
896 1710 920 1777 f.
936 1732 981 1777 m.
998 1711 1035 1775 in
1049 1712 1174 1777 eadem.
1222 1712 1422 1791 Subsidium,
1438 1711 1487 1796 iij.
1500 1734 1526 1777 s.
1543 1710 1604 1796 iiij.
1615 1713 1647 1776 d.

318 1841 366 1905 De
392 1842 561 1910 heredibus
582 1846 746 1932 Certeseys
771 1869 828 1932 pro
849 1854 964 1933 quarta
986 1853 1078 1932 porte
1104 1870 1159 1915 un.
1183 1847 1208 1913 f.
1224 1869 1269 1914 m.
1286 1848 1322 1912 in
1344 1849 1475 1929 Heusn,
1492 1868 1589 1932 quam
1611 1844 1775 1910 Johannes

277 1926 346 2014 Rye
360 1933 523 2014 quondam
537 1936 657 2002 tenuit.
705 1936 905 2015 Subsidium,
919 1958 969 2001 ιι.
982 1937 1013 2001 d.
1190 1998 1191 2005 ,

320 2067 369 2132 De
394 2071 549 2155 magistro
570 2071 706 2157 collegii
732 2074 843 2141 Sancti
869 2072 1005 2159 Georgii
1030 2075 1072 2138 de
1100 2073 1248 2157 Sudbury
1273 2095 1331 2159 pro
1350 2071 1424 2160 iiij‘·
1449 2078 1540 2156 porte
1562 2092 1618 2137 un.
1643 2072 1665 2135 f.
1681 2092 1725 2135 m.
1740 2072 1775 2133 in

277 2155 432 2309 1Ιέζιιιιᾶιιιοιι
447 2163 483 2222 et
497 2159 670 2241 Bsuunou,
686 2181 784 2244 quam
807 2160 944 2246 Egidius
969 2160 1196 2247 Mounpynson
1222 2161 1386 2244 quondum
1411 2162 1530 2227 tenuit.
1579 2160 1778 2236 Subsidium,

321 2378 369 2443 De
383 2381 544 2467 Margeris
559 2383 671 2448 Mense
686 2405 743 2468 pro
757 2385 802 2451 di.
819 2386 843 2451 f.
859 2405 903 2451 m.
920 2387 955 2449 in
969 2385 1094 2451 eedem.
1142 2385 1342 2463 Subsidium,
1358 2386 1408 2470 iij.
1418 2408 1445 2451 s.
1462 2385 1522 2471 iiij.
1534 2386 1566 2450 d.

281 2602 303 2669 S
320 2516 529 2667 Igegohsnne
544 2520 618 2673 bglrtz
633 2520 734 2585 Rsuff
745 2543 802 2606 pro
816 2518 891 2608 fiij*
904 2527 994 2605 purte
1008 2542 1064 2587 nn.
1081 2522 1104 2588 f.
1121 2544 1165 2588 m.
1182 2523 1215 2585 in
1239 2521 1353 2587 eedem
1378 2523 1413 2585 in
1440 2523 1664 2588 Puuuuunsou
1694 2523 1775 2601 (sic).

305 2624 327 2665 u
350 2625 376 2667 ει
401 2626 482 2684 mm,
497 2629 547 2673 ιι.
582 2657 590 2673 .
1798 2632 1801 2638 ’

320 2739 368 2804 De
392 2741 532 2806 Henrioo
558 2743 703 2828 Popbam
730 2766 788 2828 pro
814 2746 858 2809 di.
875 2746 899 2811 f.
916 2766 960 2811 m.
977 2747 1013 2808 in
1038 2746 1196 2813 Mursrun
1218 2746 1350 2825 Munus,
1367 2745 1454 2829 quod
1475 2745 1612 2808 Thomas
1635 2742 1778 2827 Hodyng

278 2829 440 2909 quondam
455 2832 574 2897 tenuit.
621 2832 819 2911 Subsidium,
832 2832 881 2917 iij.
894 2856 920 2899 s.
937 2832 998 2918 iiij.
1010 2835 1042 2898 d.

321 2965 369 3029 De
398 2966 568 3052 Redulpbo
598 2969 727 3054 Pypard
751 2991 809 3053 pro
834 2971 879 3035 di.
905 2970 929 3035 f.
956 2991 1000 3035 m.
1032 2971 1068 3034 in
1100 2971 1276 3050 Buuuuns,
1307 2970 1394 3054 quod
1422 2970 1585 3033 comitissa
1614 2967 1778 3031 Dormond

279 3054 441 3135 quondam
456 3058 575 3122 tenuit.
625 3057 823 3138 Subsidium,
840 3058 888 3143 iij.
901 3081 928 3124 s.
945 3057 1006 3145 iiij.
1020 3060 1051 3124 d.
1735 3080 1743 3100 ·

322 3189 371 3254 De
396 3191 533 3256 Ricardo
557 3193 779 3278 Wsldegrnve,
800 3195 918 3275 milite,
942 3216 999 3278 pro
1022 3191 1098 3281 fiij‘·
1122 3201 1214 3278 parte
1239 3215 1295 3260 un.
1313 3196 1336 3260 f.
1353 3215 1397 3260 m.
1413 3195 1448 3257 in
1469 3195 1663 3273 Romuleus,
1680 3213 1779 3275 qusm

280 3277 422 3342 Albanus
438 3283 506 3359 (sic)
524 3279 753 3366 Goldyngham
767 3282 930 3366 quondam
944 3284 1062 3346 tenuit.
1110 3282 1310 3358 Subsidium,
1324 3303 1374 3346 xx.
1385 3283 1417 3347 d.

323 3411 371 3476 De
386 3413 557 3499 Ranulpho
571 3415 766 3502 Whesthorp
781 3439 840 3501 pro
854 3414 928 3504 iiij‘·
943 3422 1036 3502 parte
1051 3438 1108 3483 un.
1124 3419 1147 3483 f.
1164 3439 1209 3483 m.
1225 3419 1260 3481 in
1277 3415 1400 3483 eodem.
1448 3417 1648 3495 Subsidium,
1663 3438 1712 3482 ιι.
1724 3417 1755 3480 ci.

323 3549 372 3613 De
386 3551 558 3617 heredibus
574 3554 647 3617 Fitr
661 3555 750 3618 Rani
760 3575 817 3639 pro
832 3552 906 3641 iiij‘·
920 3559 1010 3638 parte
1025 3575 1081 3620 un.
1098 3554 1121 3620 f.
1138 3555 1422 3621 minumum.
1469 3554 1669 3630 Subsidium,
1684 3574 1734 3618 ιι.
1746 3553 1777 3617 d.

322 3686 372 3751 De
388 3686 537 3753 Gnidone
552 3690 650 3754 Ferre
663 3712 720 3774 pro
734 3691 779 3757 di.
794 3692 818 3756 f.
834 3711 879 3757 m.
895 3693 931 3754 iu
947 3692 1220 3772 assummum,
1238 3690 1322 3776 quod
1337 3711 1442 3754 eomes
1456 3689 1607 3759 Suffoloie
1618 3688 1779 3772 quondam

280 3776 397 3840 tenuit.
445 3777 643 3857 Subsidium,
657 3777 706 3864 iij.
719 3801 746 3843 s.
762 3777 823 3864 iiij.
834 3781 866 3844 d.

323 3911 371 3976 De
394 3915 497 3998 priore
523 3916 563 3980 de
588 3917 677 4001 Lege
700 3937 757 4000 pro
783 3917 828 3982 di.
855 3917 879 3981 f.
906 3937 951 3982 m.
976 3918 1012 3979 iu
1035 3917 1203 3995 Hsussun,
1220 3935 1285 3979 non
1307 3915 1514 3999 respondent,
1531 3936 1569 3978 eo
1585 3914 1669 3998 quod
1685 3911 1780 3976 soluit

280 3997 430 4079 decimas,
445 4003 529 4066 siout
543 4005 730 4067 continetur
744 4005 780 4067 in
795 4004 939 4087 predicto
952 4004 1058 4066 rotulo
1074 4005 1262 4070 tsxaoionis.
1312 4003 1509 4082 Subsidium,
1525 4000 1638 4065 nichil.

323 4134 371 4199 De
399 4138 530 4202 domiuo
560 4138 734 4204 Bourobier
762 4161 819 4223 pro
844 4137 919 4225 iiij*
941 4144 1033 4224 parte
1063 4161 1117 4203 un.
1148 4139 1170 4202 f.
1193 4160 1236 4201 m.
1260 4141 1296 4201 in
1322 4140 1479 4225 Hunsusu
1508 4139 1663 4222 predicta,
1682 4156 1779 4220 quam

281 4221 463 4289 Willelmus
476 4226 517 4290 de
534 4226 652 4294 Sancto
667 4227 810 4291 Martino
825 4227 986 4309 quondam
1002 4227 1120 4291 tenuit.
1169 4226 1367 4306 Subsidium,
1384 4249 1433 4292 ιι.
1443 4228 1475 4292 d.

323 4362 371 4426 De
399 4364 546 4428 Jobsnne
576 4364 708 4430 Moldon
731 4387 789 4450 pro
814 4362 889 4451 iiij‘·
909 4369 1001 4446 purte
1026 4385 1082 4430 un.
1114 4365 1137 4429 f.
1169 4386 1213 4428 m.
1245 4364 1376 4443 ibidem,
1394 4368 1506 4427 vocata
1535 4363 1655 4442 Βοιιε,
1683 4381 1780 4445 quam

281 4448 444 4516 Johsunes
459 4452 532 4515 Fitr
546 4452 692 4516 Willism
706 4453 869 4537 quondam
884 4453 1003 4517 tenuit.
1052 4451 1250 4532 Subsidium,
1266 4473 1316 4516 xx.
1327 4452 1358 4516 d.

324 4586 373 4651 De
398 4589 536 4653 Ricardo
557 4589 631 4653 Fitr
654 4590 761 4653 Niooll
784 4610 840 4674 pro
863 4586 938 4675 iiij*
962 4595 1053 4673 parte
1077 4609 1133 4654 un.
1150 4588 1173 4654 f.
1191 4609 1235 4654 m.
1264 4590 1299 4651 in
1324 4589 1481 4654 Huusrun
1507 4587 1661 4672 predicta,
1684 4605 1779 4669 quom

281 4673 441 4760 Mergeria
455 4675 653 4761 Blsmpsters
667 4678 830 4762 quondam
846 4679 962 4743 tenuit.
1011 4676 1208 4756 Subsidium,
1224 4697 1274 4743 xx.
1285 4677 1316 4741 ci.
1627 4695 1630 4702 '

324 4812 372 4875 De
400 4813 529 4877 domino
559 4814 734 4878 Bourobier
762 4835 820 4898 pro
848 4811 923 4900 iiij*
952 4818 1042 4897 parte
1071 4835 1124 4879 un.
1158 4815 1181 4879 f.
1212 4834 1257 4880 m.
1287 4815 1322 4876 in
1358 4812 1480 4890 eadem,
1505 4833 1601 4896 quam
1639 4811 1780 4896 Rogerus

282 4896 490 4985 Mouchesyes
505 4902 668 4985 quondum
683 4903 803 4967 tenuit.
851 4901 1050 4980 Subsidium,
1065 4924 1115 4968 ιι.
1127 4903 1159 4968 d.

324 5035 372 5100 De
387 5039 505 5102 comite
520 5036 643 5103 Oxonie
658 5060 715 5123 pro
729 5060 785 5104 un.
802 5037 826 5104 f.
842 5059 887 5104 m.
903 5039 939 5102 in
954 5039 1139 5106 Bussenius
1154 5038 1254 5119 Ouss,
1271 5059 1336 5102 uon
1350 5037 1556 5121 respondent,
1570 5057 1608 5100 eo
1629 5035 1715 5119 quod
1744 5035 1778 5098 in

281 5144 383 5277 :iffi
405 5126 529 5190 domini
552 5128 636 5211 regis
658 5126 782 5204 existit,
803 5127 930 5189 racione
953 5127 1088 5190 minoris
1113 5127 1209 5190 etatis
1233 5127 1371 5210 predicti
1396 5124 1535 5189 oomitis.
1583 5122 1781 5200 Subsidium,

324 5346 372 5412 De
385 5350 517 5414 domins
532 5348 758 5432 Swymboume
770 5368 828 5432 pro
841 5347 888 5414 di.
902 5346 927 5414 f.
943 5367 988 5414 m.
1004 5347 1041 5412 in
1055 5347 1180 5425 eodem,
1201 5349 1288 5431 quod
1309 5347 1457 5413 Botertes
1471 5345 1634 5429 quondam
1661 5344 1780 5408 tenuit.

285 5433 482 5517 Subsidium,
497 5435 547 5523 iij.
556 5458 584 5504 s.
599 5436 661 5522 riij.
671 5436 703 5503 d.
