4117 6200
324 552 388 616 474
913 542 1222 613 HUNTINGDON.

370 837 548 904 Ovsmoue
573 836 770 903 Luseevnm
793 856 869 900 eum
891 835 1020 902 Bsms·
1127 834 1243 899 Petrus
1267 832 1308 896 de
1326 828 1532 908 Saltmershe,
1548 829 1656 894 Alieis
1671 827 1714 893 de
1731 826 1831 910 Dray-

326 944 428 990 smes
441 929 491 987 est
505 944 570 987 uus
585 924 673 990 villa.
1043 837 1058 1005 d
1084 927 1152 1001 ton,
1166 925 1201 987 et
1216 923 1344 985 Aunors
1358 921 1397 984 de
1413 916 1571 1003 Botheby.

368 1058 455 1122 Villa
468 1059 510 1123 de
524 1060 744 1127 Wonsssose.
1124 1058 1232 1124 Abbes
1247 1056 1461 1141 deThomey.

326 1197 594 1350 ungsvsislssssusne
618 1218 693 1261 eum
722 1197 943 1265 Fesssflsvsm
970 1202 1021 1263 est
1042 1198 1057 1363 1
1126 1240 1232 1306 Abboe
1247 1240 1288 1305 de
1301 1239 1460 1323 Thomey·

941 1608 1039 1680 Am.
1083 1607 1206 1681 1428.

723 1819 944 1885 Husnssnms
965 1837 1010 1883 ns
1034 1816 1429 1897 LEYT(ONESTONE).

370 1982 547 2067 Inquisieio
576 1989 671 2067 cepta
707 1982 794 2067 apud
829 1981 1103 2066 Huntyndoniem
1140 1982 1193 2046 die
1232 1981 1367 2047 sabbati
1403 1983 1548 2067 proxima
1583 1986 1661 2046 ente
1700 1983 1829 2047 festum

326 2069 519 2135 Nativitstis
543 2068 654 2133 Sancti
678 2070 837 2134 Jobennis
862 2068 1022 2153 Bspbisbe
1047 2088 1132 2133 snno
1155 2071 1248 2155 regni
1270 2071 1356 2156 regie
1380 2070 1513 2135 Henriei
1539 2071 1619 2135 sexti
1647 2074 1725 2153 post
1752 2089 1829 2133 eon-

326 2163 478 2242 questum
508 2164 607 2238 sexto,
637 2177 745 2221 eoram
774 2156 941 2220 Willelmo
971 2157 1138 2241 Deynston
1168 2163 1203 2221 et
1232 2156 1359 2244 Rogero
1386 2157 1506 2237 Loutb,
1535 2157 1828 2225 commissionum

326 2243 451 2310 domini
479 2246 565 2329 regis
594 2245 636 2309 sd
665 2244 844 2310 subsidium
874 2244 1095 2329 colligendum
1124 2242 1209 2308 infre
1245 2246 1437 2309 comitatum
1474 2242 1744 2327 Hunt(yndonie)
1786 2245 1827 2308 de

327 2332 472 2413 qualibet
496 2353 630 2417 persons
652 2334 765 2397 seisits
791 2336 829 2397 ut
855 2331 895 2396 de
918 2332 1021 2396 libero
1042 2336 1242 2413 tenemento,
1257 2352 1320 2417 que
1335 2336 1436 2397 terras
1458 2336 1494 2396 et
1514 2335 1708 2397 tenementt
1731 2338 1828 2397 tenet

326 2419 516 2484 immediate
537 2440 595 2504 per
608 2422 776 2505 integrum
798 2418 926 2484 feodum
949 2420 1066 2484 militis
1081 2440 1134 2485 sex
1149 2420 1325 2484 solidorum
1341 2423 1377 2485 et
1397 2423 1470 2484 octo
1486 2418 1702 2497 denariorum,
1717 2424 1756 2483 eb
1776 2420 1825 2483 sie

321 2506 419 2589 juxta
432 2511 537 2572 ratam
551 2527 654 2592 usque
669 2508 711 2571 ed
732 2510 881 2593 quartam
898 2512 1024 2592 parbem
1047 2506 1132 2571 feodi
1155 2508 1272 2571 militis
1294 2507 1462 2587 inclusive,
1477 2508 1603 2573 virtute
1617 2506 1826 2593 quarundam

327 2592 512 2660 litterarum
537 2596 726 2679 pateneium
748 2594 894 2677 ejusdem
919 2594 1044 2658 domini
1069 2596 1154 2679 regis
1169 2596 1292 2659 eisdem
1307 2596 1590 2660 commissioneriis
1612 2596 1825 2673 directarum,

326 2703 384 2765 per
412 2686 649 2748 sacramentum
679 2682 800 2767 Rogeri
838 2680 1026 2766 Grymbold,
1060 2682 1215 2747 Willelmi
1251 2681 1383 2762 Bother,
1421 2682 1565 2747 Simonis
1601 2688 1670 2747 etto
1707 2680 1826 2767 slogh.

326 2767 484 2833 Johannis
507 2769 674 2847 Marchall,
689 2768 848 2833 Johsnnis
862 2770 898 2831 in
914 2770 971 2832 the
995 2768 1115 2849 Heme,
1131 2769 1290 2834 Jobannis
1312 2767 1466 2854 Kylhem,
1482 2767 1641 2835 Johsnnis
1662 2768 1825 2853 Drsyton,

326 2855 450 2920 Thome
477 2856 634 2941 Burgeys,
656 2855 816 2921 Johennis
832 2856 957 2936 warde,
979 2856 1102 2921 Thome
1124 2856 1241 2941 Nolby,
1264 2854 1424 2922 Johennis
1446 2856 1585 2938 Palmer,
1607 2863 1643 2923 et
1662 2855 1827 2921 Johennis

327 2944 399 3021 Est,
409 2942 605 3028 juratorum,
619 2945 677 3028 qui
691 2943 807 3009 dicunt
821 2963 917 3027 super
931 2950 1170 3009 sacramentum
1185 2965 1281 3009 suum
1294 2944 1382 3028 quod
1396 2963 1449 3005 :-

369 3081 579 3169 Reginsldus,
609 3080 760 3147 dominus
789 3081 829 3146 de
860 3080 948 3166 Grey
978 3086 1013 3146 et
1044 3080 1174 3166 Ryffyn,
1203 3085 1297 3147 tenet
1326 3103 1383 3148 un.
1405 3082 1428 3148 f.
1450 3082 1544 3148 min
1574 3081 1758 3150 Rimmon
1789 3088 1825 3148 eb

326 3173 525 3250 Houemos,
541 3170 628 3254 quod
642 3170 808 3236 Johames
823 3168 1009 3254 Hestynges
1022 3169 1187 3254 quondam
1200 3172 1310 3235 tenuit
1324 3170 1455 3237 ibidem.

368 3308 531 3375 Johannes
547 3309 645 3391 Grey,
661 3308 765 3388 miles,
779 3312 871 3373 tenet
885 3327 941 3374 un.
957 3307 980 3373 f.
996 3329 1041 3373 m.
1056 3309 1092 3372 in
1108 3310 1326 3376 mundns.

325 3449 566 3603 αθΗιξπίἑείο)
584 3443 697 3511 Hetbe
711 3449 802 3512 tenet
816 3445 860 3512 di.
875 3445 898 3511 f.
914 3466 959 3512 m.
973 3446 1009 3510 in
1034 3447 1208 3528 (inerms,
1224 3447 1309 3532 quod
1331 3466 1440 3511 eomes
1462 3445 1637 3513 Glovernie
1655 3448 1822 3533 quondam

359 3550 419 3602 nm
448 3556 461 3601 1
484 3556 496 3599 1
519 3554 582 3600 em.

366 3675 428 3740 Est
448 3672 493 3738 di.
509 3672 532 3738 f.
547 3693 591 3736 m.
605 3671 643 3735 in
658 3669 832 3750 emm,
846 3671 933 3757 quod
954 3691 1062 3736 eomes
1084 3670 1259 3737 Glovernie
1273 3670 1436 3754 quondam
1458 3673 1569 3736 tenuit
1582 3671 1717 3750 ibidem,
1732 3671 1822 3756 quod

323 3763 457 3848 quidem
472 3761 517 3826 di.
531 3759 556 3824 f.
571 3779 615 3826 m.
630 3759 788 3824 dividitur
802 3759 837 3822 in
852 3758 979 3824 duabus
993 3759 1152 3843 pertibus,
1168 3760 1254 3824 unde
1269 3758 1463 3824 Edmundus
1476 3759 1623 3844 Werwyn
1639 3763 1731 3825 tenet
1753 3765 1823 3825 tres

323 3856 431 3937 partes
444 3848 526 3913 dieii
548 3846 593 3912 di.
609 3847 633 3913 f.
648 3867 692 3912 m.
708 3851 742 3912 et
757 3846 843 3931 quod
866 3845 1034 3912 Johsnnes
1049 3846 1221 3927 Fulborne,
1238 3844 1336 3912 sbbss
1351 3846 1393 3911 de
1408 3845 1540 3928 sttre,
1556 3849 1648 3913 tenet
1669 3851 1821 3932 quartam

325 3944 452 4024 partem
467 3935 616 4024 ejusdem
631 3935 675 4000 di.
690 3935 714 3997 f.
730 3954 774 4000 m.
1279 3927 1291 3946 '

368 4074 544 4154 Johmnee,
558 4073 708 4138 dominus
723 4072 764 4137 de
778 4071 925 4158 Typtoft‚
938 4078 1032 4138 tenet
1046 4072 1090 4138 di.
1107 4070 1130 4138 f.
1146 4092 1189 4139 m.
1205 4072 1241 4136 in
1255 4071 1412 4154 Womm,
1428 4038 1514 4158 qdod
1528 4092 1636 4138 eomes
1647 4071 1823 4138 Glovsmie

326 4165 489 4251 quondam
502 4162 609 4227 tenuit
623 4158 756 4226 ibidem.

368 4301 529 4367 Ksterina
557 4296 731 4382 Aylesbery
761 4300 854 4363 benet
882 4297 929 4364 di.
957 4298 1047 4364 im.
1070 4298 1105 4362 in
1136 4296 1259 4367 Medus
1280 4297 1453 4380 (immo,
1483 4298 1570 4383 quod
1599 4299 1688 4364 idem
1716 4317 1824 4364 eomes

327 4391 488 4477 quondam
503 4387 612 4451 tenuit
625 4385 759 4451 ibidem.

369 4528 534 4594 Johsnnes
560 4524 702 4611 Knyvet,
718 4525 823 4603 miles,
839 4528 929 4588 tenet
951 4528 1102 4609 quatiam
1125 4528 1255 4609 parbem
1282 4545 1338 4592 un.
1361 4525 1386 4592 f.
1407 4546 1452 4591 m.
1474 4526 1509 4589 in
1536 4525 1701 4605 widem,
1724 4545 1821 4611 quem

326 4620 415 4685 idem
429 4635 535 4681 eomes
548 4613 712 4697 quondam
727 4611 836 4677 tenuit
851 4610 983 4677 ibidem.

368 4754 519 4821 Johsnns
532 4749 711 4835 Thymyng
724 4753 819 4814 benet
833 4751 970 4815 terciam
985 4753 1113 4834 partem
1128 4770 1185 4818 un.
1200 4749 1225 4818 f.
1241 4771 1285 4817 m.
1301 4752 1337 4815 in
1353 4750 1545 4818 Tmsms.

369 4890 549 4959 comitissa
574 4887 748 4953 staffordie
771 4891 867 4952 tenet
888 4893 957 4952 tres
984 4897 1093 4973 partes
1118 4909 1173 4956 un.
1189 4889 1211 4956 f.
1228 4911 1271 4956 m.
1295 4891 1330 4954 in
1362 4889 1576 4968 Kmmomos,
1607 4907 1686 4973 quas
1715 4906 1821 4954 eomes

327 4979 520 5051 Hereiordie
535 4976 698 5062 quondam
712 4976 823 5041 tenuit
835 4975 968 5042 ibidem.

376 5109 566 5207 [Dominus]
586 5113 627 5176 de
638 5110 780 5176 Formiis
801 5114 893 5177 tenet
914 5129 970 5178 un.
984 5110 1009 5180 f.
1023 5133 1068 5178 m.
1083 5113 1119 5176 in
1137 5111 1282 5193 Ksssos,
1298 5114 1384 5198 quod
1405 5111 1570 5178 iohannes
1590 5107 1663 5200 [de]
1684 5109 1822 5175 Formiis

326 5205 489 5295 quondam
503 5201 612 5268 tenuit
624 5198 757 5264 ibidem.

372 5347 517 5428 Regesne
546 5341 662 5405 Hunte
693 5342 786 5403 tenet
815 5336 859 5402 di.
882 5336 905 5402 i.
928 5358 972 5404 m.
995 5340 1032 5402 in
1062 5337 1331 5419 Mumewonsn,
1361 5339 1449 5422 quod
1478 5337 1640 5404 Robertus
1670 5335 1710 5400 de
1738 5333 1823 5398 Bms

327 5433 491 5519 quondam
505 5427 615 5495 tenuit
629 5425 762 5491 ibidem.
