4117 6200
913 611 996 684 A.D.
1022 619 1117 683 1428.

827 911 1022 975 Dncrurrus
1045 930 1089 974 nn
1112 907 1211 976 Ros,

304 1075 352 1138 lle
364 1075 503 1158 quedam
516 1075 665 1158 porcione
676 1096 737 1159 mj.
748 1093 939 1148 marcarum,
948 1094 1046 1156 quam
1058 1077 1160 1137 rector
1170 1071 1291 1155 capelle
1301 1071 1385 1133 inira
1399 1074 1542 1134 castrum
1564 1071 1605 1132 de
1628 1071 1761 1153 Snodyll

261 1163 454 1335 peapmcepgtfn
468 1161 603 1226 ecclesia
618 1161 658 1224 de
675 1161 872 1226 Fownnonn.
919 1159 1120 1238 Subsidium,
1134 1158 1249 1238 nichil,
1265 1165 1325 1222 etc.
1349 1155 1548 1244 [cancellat]
1569 1179 1599 1222 v.
1612 1179 1637 1221 e.
1655 1158 1715 1242 iiij.
1727 1157 1761 1224 d.

304 1385 351 1447 De
367 1385 505 1468 quodam
520 1385 668 1468 porcione
684 1384 716 1446 xl
736 1405 762 1450 s.
779 1404 875 1467 quam
892 1384 978 1466 prior
993 1383 1032 1447 de
1048 1384 1128 1466 hyra
1143 1385 1288 1466 percepit
1303 1383 1337 1445 in
1349 1381 1488 1446 ccclesia
1500 1382 1541 1445 de
1558 1383 1760 1450 Srmrnonn.

262 1471 461 1550 Subsidium,
475 1473 587 1550 nichil,
605 1480 667 1535 etc.
691 1468 887 1557 [calceant]
909 1471 968 1556 iiij.
982 1493 1007 1537 c.
1031 1467 1177 1558 [added]

304 1608 353 1672 De
379 1608 518 1691 quedem
547 1609 694 1692 porcione
720 1609 793 1692 ij.s.
819 1628 917 1692 quem
946 1615 1051 1670 rector
1076 1609 1117 1670 de
1140 1607 1204 1670 Ros
1225 1608 1370 1691 percepit
1384 1608 1419 1670 in
1433 1607 1569 1672 eeclesia
1585 1607 1625 1671 de
1642 1610 1762 1676 Orsen.

263 1695 458 1774 Subsidium,
473 1696 583 1774 nichil,
601 1701 662 1759 etc.
686 1692 884 1781 [corrrullccl]
905 1695 941 1780 ij.
953 1694 983 1758 d.
1001 1695 1054 1760 ob.
1077 1692 1222 1781 [added]

305 1834 354 1896 De
380 1833 518 1916 quedam
541 1835 688 1916 porcione
714 1833 819 1918 viiic.
847 1853 945 1914 quam
970 1834 1058 1916 prior
1081 1833 1122 1895 de
1147 1831 1340 1897 Moumouth
1366 1831 1509 1916 percepit
1524 1831 1559 1892 iu
1573 1830 1707 1896 ecclesie
1723 1834 1763 1896 de

269 1920 364 1986 Horu
380 1920 570 1986 Menosnnn.
617 1919 815 1998 Subsidium,
832 1917 947 1997 nichil,
962 1927 1023 1984 etc.
1047 1917 1245 2007 [concedet]
1267 1921 1303 2007 ij.
1315 1920 1348 1984 d.
1364 1921 1415 1985 ob.
1432 1928 1465 2004 q·
1487 1915 1632 2005 [added]

306 2057 353 2120 De
378 2057 517 2141 quedem
541 2058 691 2142 porcione
715 2056 821 2142 xiijm.
849 2055 955 2142 iiijcl.
980 2077 1077 2140 quam
1100 2053 1216 2141 [idem]
1238 2055 1323 2138 prior
1349 2056 1494 2137 percepit
1517 2055 1551 2116 in
1568 2055 1705 2119 ecclesie
1724 2055 1764 2120 de

263 2145 383 2211 Mrem
399 2145 573 2212 Murcum..
620 2144 819 2223 Subsidium,
836 2145 948 2224 nichil,
965 2157 1028 2209 etc.
1052 2139 1250 2230 [cancellat]
1272 2139 1383 2228 xvj.d.
1406 2139 1553 2228 [added]

306 2283 440 2348 Summa
455 2283 590 2347 subsidii
605 2284 792 2366 porciouum
806 2289 840 2347 et
854 2282 1047 2367 pensionum
1063 2283 1292 2366 predictarum,
1310 2281 1385 2365 cvij.
1395 2307 1422 2346 c.
1439 2282 1482 2365 xj.
1495 2280 1527 2345 d.
1544 2281 1593 2346 ob.
1605 2289 1648 2367 q'.
1681 2283 1763 2347 Inde

266 2391 329 2434 uua
344 2373 467 2456 pensio,
483 2377 519 2434 ut
537 2392 642 2455 supra,
660 2369 695 2456 ij.
707 2395 733 2436 e.

309 2880 468 2944 Particule
483 2883 623 2965 compoti
644 2881 777 2945 Walteri
796 2882 924 2946 Wulker
940 2883 980 2946 de
997 2883 1170 2960 Lcmestre‚
1189 2882 1348 2946 Johc‘nnis
1370 2883 1470 2947 Brcce
1497 2884 1537 2947 de
1563 2883 1764 2969 Penbrugge,

266 2965 422 3031 Johennis
437 2967 562 3032 Wattes
586 2969 625 3031 de
652 2969 844 3046 Quedeford,
868 2970 889 3033 J
891 2971 1027 3033 ohannis
1043 2971 1157 3034 Corbet
1173 2971 1215 3032 de
1233 2970 1403 3050 Waketon,
1421 2971 1581 3034 Willelmi
1599 2971 1709 3033 Leuke
1724 2972 1765 3033 de

267 3053 505 3140 Kyngesceple,
519 3065 553 3119 et
578 3055 735 3119 Willelmi
766 3055 924 3134 Geroons,
954 3057 1162 3121 collectorum
1192 3057 1360 3141 cujusdam
1391 3057 1528 3122 subsidii
1553 3061 1587 3121 in
1604 3059 1765 3121 comitatu

267 3142 458 3208 Herefordie
480 3149 547 3223 (etc.
565 3154 595 3209 to
612 3145 661 3209 tlrc
676 3167 761 3209 came
778 3147 864 3227 offeci
878 3167 914 3209 cs
930 3168 968 3209 on
981 3168 1017 3227 p.
1040 3148 1100 3208 184
1116 3144 1154 3228 of
1167 3148 1228 3210 thie
1243 3147 1317 3223 col.)

701 3384 921 3450 Hcrnucnun
944 3406 987 3451 nn
1011 3384 1334 3453 GRYMESWROS.

312 3544 404 3607 Idem
418 3542 558 3608 reddunt
575 3552 762 3629 compotum
777 3566 835 3631 pro
849 3567 914 3609 uno
931 3546 1020 3610 feodo
1035 3547 1070 3608 in
1086 3546 1228 3611 Breucos
1246 3547 1382 3624 Soccus,
1407 3550 1442 3609 et
1465 3546 1542 3609 inde
1565 3546 1680 3625 nichil,
1693 3550 1771 3630 quic

269 3629 305 3692 iu
320 3651 419 3695 mnnu
434 3632 558 3695 domini
573 3634 659 3717 regis
674 3654 732 3717 per
747 3639 885 3697 mortem
911 3634 1035 3697 domini
1061 3632 1103 3697 de
1127 3634 1271 3714 Clifford,
1288 3640 1321 3697 et
1348 3634 1511 3717 quondam
1537 3635 1601 3698 fuit
1627 3636 1770 3718 episcopi

267 3716 517 3798 Hereiordeusis,
546 3722 632 3783 sicut
654 3722 840 3785 continetur
863 3722 898 3784 in
926 3721 1068 3805 quadem
1095 3721 1310 3805 inquisicione
1338 3722 1416 3786 iude
1446 3726 1541 3804 capte
1570 3743 1664 3805 super
1683 3721 1771 3785 hunc

269 3812 456 3889 compotum
470 3806 616 3873 liberata.

312 3941 356 4005 Et
367 3942 406 4006 de
417 3942 549 4008 domiuo
566 3943 625 4007 Fiz
635 3943 746 4007 water
754 3964 828 4007 cum
839 3945 1017 4029 particibus
1030 3946 1096 4008 suis
1107 3965 1164 4028 pro
1176 3946 1198 4030 j.
1209 3945 1232 4009 f.
1241 3945 1284 4028 vj.
1297 3969 1323 4010 c.
1338 3944 1406 4029 viij.
1417 3943 1449 4007 d.
1465 3946 1496 4007 in
1505 3945 1769 4021 Breucorum,

268 4048 329 4111 que
348 4028 417 4108 (cic)
436 4031 599 4113 quondam
614 4031 680 4094 fuit
697 4032 841 4115 episcopi
856 4032 1112 4097 Hereiordensis.

311 4166 355 4229 Et
370 4166 410 4230 de
425 4165 573 4231 Johanne
589 4165 737 4233 Obaudos
753 4189 809 4251 pro
825 4169 924 4233 tercia
941 4174 1035 4252 parte
1060 4168 1196 4232 duorum
1223 4168 1246 4234 f.
1274 4188 1376 4250 nuper
1401 4166 1519 4251 Rogeri
1544 4166 1712 4233 Chaundos
1736 4170 1771 4233 in

270 4252 465 4333 Wnnmrorc
480 4254 528 4340 iij.
539 4276 565 4319 s.
582 4275 613 4319 r.
625 4252 658 4319 d.
676 4253 728 4318 ob.
1461 4315 1464 4319 .

311 4392 354 4455 Et
380 4393 420 4457 de
446 4392 594 4457 Johcnne
618 4392 749 4477 Brugge
775 4394 856 4475 vj.c.
882 4392 950 4479 viij.
963 4391 996 4459 d.
1024 4414 1082 4477 pro
1108 4414 1163 4457 un.
1191 4394 1214 4459 f.
1231 4394 1266 4456 in
1295 4392 1469 4460 Srsuuccu
1492 4397 1525 4456 et
1551 4394 1696 4471 Leucon,
1710 4413 1773 4476 que

269 4480 432 4562 quondam
446 4482 512 4544 fuit
527 4478 649 4545 Thome
666 4480 814 4546 Picbcrd.

311 4618 355 4683 Et
369 4619 408 4683 de
423 4620 571 4684 Johanne
587 4620 791 4707 Pembrugge
806 4622 850 4708 vj.
862 4643 888 4686 c.
907 4618 974 4707 viij.
986 4618 1019 4684 d.
1035 4639 1092 4703 pro
1118 4620 1142 4704 j.
1159 4619 1182 4683 f.
1200 4620 1235 4682 in
1252 4619 1508 4685 Mununsuunnn
1534 4619 1686 4695 Gruter,
1709 4640 1772 4704 que

269 4707 431 4791 quondam
448 4707 511 4770 fuit
526 4706 686 4772 Willelmi
702 4707 921 4793 Pembrugge.

312 4844 357 4906 Et
370 4865 429 4927 pro
443 4844 488 4909 di.
506 4844 527 4908 f.
544 4846 580 4907 in
596 4847 744 4924 Brroco,
759 4867 821 4928 que
837 4846 1000 4929 quondam
1027 4844 1094 4908 suit
1118 4841 1284 4928 Redulphi
1310 4843 1441 4907 Knulle⁴
1457 4848 1492 4906 et
1515 4842 1773 4925 perceuuriorum

271 4950 413 5009 suorum,
442 4935 492 4995 set
520 4933 597 4996 inde
628 4931 743 5011 nichil,
772 4933 851 5013 quie
880 4933 1041 4996 dividitur
1065 4935 1099 4995 in
1125 4931 1170 5017 iij.
1201 4938 1309 5014 partes
1332 4931 1472 5014 equales,
1498 4930 1662 5008 videlicet,
1688 4932 1774 4993 iuter

270 5016 481 5082 Edmuudum
511 5018 672 5097 Gomond,
700 5019 879 5083 Walterum
909 5021 1087 5099 Devereux,
1114 5028 1149 5083 et
1175 5018 1334 5083 Johannis
1363 5022 1430 5097 (cic)
1460 5017 1659 5097 Bodenham,
1688 5020 1774 5081 sicut

270 5106 456 5170 continetur
473 5106 507 5168 in
524 5107 737 5191 inquisicioue
751 5108 905 5191 predicte.
1686 5159 1688 5162 -

267 5294 271 5299 .
313 5244 358 5307 Et
371 5265 429 5327 pro
444 5265 500 5309 un.
517 5245 540 5311 f.
557 5246 592 5309 in
607 5246 842 5312 Munnnsnnnn
857 5246 955 5325 Lucu,
970 5266 1032 5329 que
1046 5245 1209 5329 quendem
1226 5245 1289 5308 fuit
1305 5242 1455 5308 Johcnne
1470 5242 1512 5306 de
1527 5244 1658 5307 Mortuo
1676 5244 1774 5322 Mari,

271 5328 359 5419 θοῇ]
381 5330 483 5396 nichil
508 5333 593 5412 inde,
609 5336 685 5416 quie
711 5334 747 5396 in
772 5352 872 5395 manu
893 5334 1017 5397 domini
1042 5334 1129 5417 regis
1143 5353 1201 5417 per
1217 5337 1355 5397 mortem
1370 5332 1499 5395 comitis
1514 5331 1674 5409 Merohie,
1690 5333 1774 5395 sicut

272 5421 459 5485 continetur
471 5420 506 5484 in
523 5421 736 5505 inquisicione
751 5419 906 5503 predicte.
