4117 6200
286 612 357 679 ,act
968 612 1126 707 assur,

334 904 377 967 Et
399 908 572 968 onerantur
595 925 690 988 super
711 909 898 990 compotum
921 906 963 969 de
977 906 1058 989 vj.s.
1077 904 1186 990 vttjc.
1204 906 1244 969 de
1267 905 1411 970 subsidio
1436 906 1603 990 cujusdam
1632 907 1792 990 porcionis

288 991 330 1056 xl.
346 1011 374 1057 s.
391 1012 489 1075 quem
504 994 591 1077 prior
606 994 647 1057 de
666 990 921 1081 Barmnnd[sey]
943 995 1082 1077 percipit
1097 995 1132 1056 in
1147 992 1272 1073 eadem,
1290 1014 1347 1077 pro
1362 1014 1399 1058 eo
1414 994 1500 1078 quod
1516 996 1642 1058 torraclo
1655 994 1789 1059 ecclesie

290 1080 444 1162 predicte,
458 1100 532 1145 cnm
548 1082 698 1165 porcione
713 1080 868 1165 predicta,
885 1081 1024 1165 attingit
1046 1101 1207 1146 summam
1223 1102 1252 1145 x.
1271 1102 1463 1161 marcarum,
1476 1080 1583 1165 juxta,
1602 1080 1659 1147 bc.

336 1216 480 1282 Ecclesia
494 1220 535 1282 de
551 1220 733 1287 Onnnrrton
747 1222 879 1283 taxatur
893 1218 935 1282 ab
949 1220 1084 1301 antiquo
1099 1240 1129 1285 rr.
1147 1240 1279 1286 marcas.
1328 1219 1533 1297 Subsidium,
1555 1220 1660 1305 xiijs.
1677 1221 1738 1304 iiij.
1756 1219 1788 1283 d.

336 1356 380 1420 Et
407 1363 582 1422 onerantur
608 1378 703 1442 super
723 1363 907 1441 compotum
933 1357 974 1421 de
998 1358 1094 1443 iiij.a.
1112 1358 1153 1421 de
1176 1358 1320 1422 subsidio
1344 1358 1511 1442 cujusdam
1538 1359 1698 1437 porcionis
1715 1358 1791 1423 xlc.

293 1465 392 1527 quam
407 1445 495 1529 prior
510 1445 550 1509 de
567 1445 708 1509 Bermud
718 1443 804 1532 [sey]
827 1445 967 1529 percipit
981 1445 1016 1507 in
1033 1445 1146 1509 eadem
1158 1445 1254 1529 juxta
1269 1447 1418 1531 lormam,
1433 1444 1490 1511 &c

336 1582 478 1647 Ecclesia
491 1583 532 1648 de
546 1583 712 1650 Maonsrso
727 1588 858 1648 taxatur
872 1583 914 1648 ab
928 1585 1064 1668 antiquo
1080 1605 1130 1650 xv.
1149 1604 1281 1649 marcas.
1332 1584 1538 1665 Subsidium,
1559 1604 1644 1650 xus.

299 1720 466 1873 milipeda
491 1723 639 1808 ejusdem
669 1722 801 1787 ecclesie
828 1727 961 1787 taxatur
988 1723 1190 1807 abantiquo
1217 1722 1274 1808 vij.
1303 1743 1437 1789 marcas,
1487 1722 1689 1800 Subsidium,
1715 1723 1792 1787 ime.

295 1830 358 1892 mJ.
403 1859 410 1876 .

333 1946 480 2012 Ecclesia
494 1950 534 2012 de
549 1950 679 2015 Limon
695 1954 825 2013 taxetur
839 1950 879 2013 ab
893 1951 1028 2033 antiqno
1044 1949 1106 2035 iiij.
1123 1970 1246 2013 marcas
1261 1953 1293 2013 et
1309 1950 1354 2016 di.
1401 1946 1522 2029 Nichil,
1538 1951 1695 2034 quianon
1711 1951 1788 2011 sunt

293 2040 344 2099 x·¹¹¹
360 2055 492 2120 persone
507 2034 743 2115 inhabitantes,
758 2034 830 2114 dic,
845 2039 932 2101 sicut
949 2039 1140 2101 continetur
1156 2039 1192 2100 in
1207 2038 1421 2121 inquisicione
1437 2039 1591 2121 predicta.

336 2173 480 2238 Ecclesia
505 2175 542 2238 de
569 2176 677 2240 Ριιιιί
704 2177 883 2241 Paurrsnorr
910 2181 1040 2240 taxatur
1064 2176 1104 2239 de
1130 2196 1214 2239 novo
1229 2175 1297 2260 viij.
1316 2196 1448 2242 marcas.
1495 2174 1618 2253 Nichil,
1633 2176 1712 2252 quic
1727 2191 1792 2235 non

294 2267 371 2327 sunt
387 2269 438 2327 x⁸¹²¹
453 2282 587 2347 persone
601 2261 835 2340 inhabitantes,
849 2262 921 2341 (bc,
936 2265 1022 2327 sicut
1038 2264 1227 2327 continetur
1242 2265 1277 2326 in
1292 2264 1494 2347 inquiscione
1510 2264 1669 2349 predicta.

297 2401 476 2552 mEpplesia
491 2402 530 2465 de
546 2401 667 2467 Macris
682 2403 862 2469 Poimenon
879 2407 1008 2467 texatur
1022 2406 1063 2466 ab
1078 2403 1213 2487 antiquo
1225 2424 1254 2467 x.
1269 2422 1402 2468 marces.
1461 2402 1662 2481 Subsidium,
1684 2399 1788 2483 xiijc.

294 2510 357 2573 111J.
393 2538 401 2554 .

336 2627 381 2691 Et
403 2632 580 2691 onerantur
606 2648 700 2710 super
715 2633 910 2714 'compotum
938 2628 978 2692 de
1004 2628 1040 2711 ij.
1054 2648 1080 2693 s.
1098 2629 1139 2691 de
1170 2629 1314 2693 subsidio
1338 2628 1507 2713 cujusdam
1529 2626 1689 2711 porcionis
1706 2643 1789 2689 xxa.

296 2736 394 2799 quam
410 2715 506 2779 abbas
520 2715 560 2777 de
575 2713 697 2797 Byleye
713 2716 851 2799 percipit
866 2716 903 2778 in
919 2717 1045 2794 eadem,
1058 2716 1156 2799 juxta
1172 2719 1321 2796 formam,
1337 2714 1394 2782 dio.

337 2852 481 2916 Ecclesia
496 2852 535 2916 de
551 2854 688 2919 Rarnors
704 2857 834 2917 taxatur
849 2855 887 2916 de
903 2874 986 2917 novo
1001 2854 1071 2935 viii.
1089 2874 1223 2919 marcas.
1273 2854 1475 2932 Subsidium,
1491 2858 1566 2933 vj.s.
1587 2852 1654 2934 viij.
1664 2850 1696 2915 d.

337 2993 472 3059 Summa
493 2989 718 3076 parochiarum
744 3003 778 3057 x:
801 3013 923 3056 marcas
946 2998 980 3056 et
1005 2993 1091 3057 ultra
1117 2993 1194 3077 lxvj.
1221 2994 1257 3059 ct.
1304 2994 1390 3057 Item
1416 2992 1471 3077 vij.
1491 2991 1639 3076 parochie
1656 2989 1741 3053 infra
1760 3008 1790 3053 x.

294 3099 432 3160 marces,
448 3080 538 3144 etde
554 3099 637 3144 novo
651 3084 773 3146 tanate.

665 3221 801 3287 Summa
816 3220 950 3284 subsidii
966 3220 1035 3304 viij.
1052 3218 1090 3284 lo'.
1108 3221 1232 3306 xviij.s.
1251 3218 1364 3305 viijd.

788 3631 1009 3699 Hortnanncrr
1034 3654 1077 3699 on
1099 3631 1242 3720 ANGR[
1274 3632 1306 3720 ].

338 3799 482 3863 Ecclesia
501 3799 541 3862 de
559 3799 752 3866 Natesione
767 3805 897 3866 taxatur
911 3801 951 3864 de
967 3822 1050 3865 novo
1066 3824 1095 3866 x.
1112 3821 1246 3867 marcas.
1297 3801 1500 3880 Subsidium,
1516 3800 1593 3885 vjc.
1611 3800 1720 3886 viij.d.

334 3937 477 4002 Ecclesia
491 3936 532 4000 de
547 3936 730 4004 beroeam
746 3945 876 4004 taxatur
891 3940 1086 4022 abantiquo
1103 3961 1132 4006 x.
1149 3961 1285 4005 marces.
1336 3939 1535 4015 Subsidium,
1551 3939 1653 4024 xiijs.
1664 3939 1725 4023 iiij.
1737 3936 1769 4004 d.

333 4076 377 4139 Et
401 4080 573 4140 onerantur
598 4095 695 4159 super
717 4081 907 4159 compotum
922 4078 963 4141 de
979 4077 1090 4162 viiju.
1108 4078 1149 4141 de
1165 4078 1308 4142 subsidio
1329 4077 1499 4161 cujusdam
1524 4077 1685 4160 porcionis
1712 4076 1787 4160 vj.c.

292 4163 402 4248 viij.d.
434 4184 531 4248 quam
562 4164 648 4247 prior
680 4164 799 4231 Sancte
828 4165 1010 4244 Trinitatis,
1051 4165 1198 4246 London‚
1232 4167 1369 4249 percipit
1408 4166 1443 4228 in
1490 4165 1606 4229 eadem
1645 4165 1789 4243 ecclesia,

294 4251 445 4316 videlicet
461 4251 553 4334 juxta
568 4249 705 4315 sormam
721 4254 933 4316 concessionis
948 4253 1104 4335 predicte.
1467 4297 1470 4304 =

335 4389 478 4453 Ecclesia
502 4389 543 4452 de
567 4389 727 4456 Tnsrnou
753 4391 840 4457 Boss
864 4395 995 4454 taxatur
1018 4390 1060 4453 ab
1085 4393 1220 4474 antiquo
1244 4390 1299 4475 vij.
1318 4412 1451 4456 marcas.
1498 4390 1620 4469 Nichil,
1635 4391 1711 4474 quia
1726 4409 1787 4453 non

292 4484 369 4542 sunt
384 4482 436 4544 x⁸¹²¹
450 4497 583 4562 persone
597 4476 833 4557 inhabitantes,
848 4476 920 4556 dc,
939 4480 1025 4542 sicut
1040 4480 1229 4543 continetur
1245 4480 1279 4541 in
1296 4479 1512 4562 inquisicione
1528 4479 1684 4563 predicta.

334 4617 478 4681 Ecclesia
493 4617 533 4680 de
550 4617 710 4682 Tnasnors
728 4617 869 4684 Gnoson
887 4622 1019 4681 taxetur
1033 4617 1076 4681 ab
1091 4619 1228 4700 antiquo
1245 4641 1274 4684 x.
1293 4615 1330 4684 lc'.
1379 4617 1579 4695 Subsidium,
1595 4636 1679 4682 sne.

336 4754 480 4817 Ecclesia
494 4754 535 4815 de
550 4753 683 4818 Locros
699 4756 830 4816 taxatur
844 4753 884 4816 de
898 4772 981 4816 novo
996 4752 1066 4837 viij.
1083 4773 1216 4820 marcas.
1265 4753 1465 4834 Subsidium,
1481 4753 1560 4839 vj.s.
1578 4752 1687 4836 viijd.

293 4889 476 5041 ...βιιιιοιίιι
490 4891 531 4955 de
548 4892 756 4960 Scassnsonn
774 4890 865 4958 Terin
879 4895 1012 4956 taxetur
1027 4892 1067 4955 ab
1083 4893 1219 4978 antiquo
1234 4915 1264 4960 x.
1281 4914 1414 4962 marcas.
1463 4891 1662 4972 Subsidium,
1685 4891 1740 4976 xiij
1746 4912 1786 4955 .e.

291 4997 395 5062 urps.

330 5115 476 5216 Ecclesia
496 5114 537 5179 de
565 5117 774 5183 Snscrnsonn
800 5116 942 5183 Anasrrs
969 5121 1097 5182 uratur
1120 5119 1160 5182 ab
1184 5123 1320 5203 antiquo
1335 5118 1389 5204 xij.
1406 5139 1538 5184 marcas.
1588 5116 1786 5194 Subsidium,

291 5223 386 5288 xvps.

333 5344 378 5407 Et
402 5351 575 5408 onerantur
598 5365 692 5427 super
713 5349 900 5428 compotum
921 5343 961 5407 de
977 5343 1084 5426 viij.d.
1100 5344 1140 5408 de
1163 5345 1308 5410 subsidio
1334 5344 1503 5431 cujusdam
1527 5345 1685 5428 porcionis
1709 5343 1787 5428 vj.s.

289 5430 398 5515 viij.‹t.
415 5452 513 5515 quam
528 5433 613 5515 prior
629 5432 747 5500 Sancte
761 5431 945 5508 Trinitatis,
960 5430 1107 5511 London,
1128 5434 1268 5517 percipit
1282 5435 1317 5498 in
1336 5434 1450 5498 eadem
1473 5433 1616 5508 ecclesia,
1639 5431 1786 5495 videlicet

285 5518 382 5602 juxta
396 5519 535 5583 formam
549 5520 760 5584 concessionis
774 5519 931 5604 predicte.
