4117 6200
857 587 939 655 Ab.
965 590 1190 655 lust-1285.
1712 588 1775 651 239

325 881 509 945 willelmus
534 881 667 946 Cressun
694 882 789 945 teuet'
810 881 960 946 Foxcouu
991 876 1176 966 [Fursonn]
1207 900 1263 963 pro
1286 877 1389 942 tribus
1417 877 1564 961 partibus
1598 896 1654 941 un.
1688 878 1710 942 f.
1736 877 1777 941 de

276 969 482 1051 Templsriis,
496 973 530 1031 et
543 969 646 1033 iidem
660 968 700 1032 de
714 966 884 1032 heredibus
898 968 938 1029 de
955 968 1077 1029 Mmers
1092 962 1253 1052 [Ymers],
1264 970 1298 1028 et
1312 965 1411 1029 iidem
1427 964 1558 1028 heredes
1573 964 1613 1027 de
1628 964 1775 1047 episeopo

275 1055 517 1140 Wygoruiensi,
532 1062 568 1121 et
582 1057 669 1120 idem
685 1056 856 1140 episeopus
871 1054 912 1117 de
927 1075 1002 1138 rege
1018 1074 1074 1134 per
1089 1054 1261 1115 baroniam.

321 1193 567 1259 Bartholomeus
581 1195 622 1259 de
637 1193 819 1258 Turbervill
835 1197 927 1258 tenet
944 1193 1124 1258 Nursulvs
1140 1211 1197 1273 pro
1212 1211 1268 1256 un.
1284 1190 1306 1255 f.
1322 1192 1363 1254 de
1377 1192 1525 1274 episeopo
1536 1189 1777 1275 Wygorniensi,

279 1285 315 1344 et
329 1284 498 1366 episeopus
512 1289 551 1346 ut
567 1303 673 1366 supra.
740 1323 748 1345 ι.

325 1419 506 1484 willelmus
531 1419 571 1483 de
597 1418 736 1482 Marisuo
761 1420 853 1481 tenet
877 1416 1080 1482 Houuscons
1105 1434 1163 1498 pro
1187 1415 1302 1497 quintu
1327 1420 1420 1497 parte
1445 1434 1500 1477 un.
1525 1415 1549 1478 f.
1575 1415 1614 1478 de
1629 1415 1778 1499 episeopo

279 1507 509 1591 Wygoruiensi
526 1510 583 1590 (st)
600 1508 768 1590 episeopus
783 1509 821 1568 ut
836 1524 943 1588 supra.

324 1644 485 1708 Bobertns
509 1643 550 1707 de
572 1644 605 1707 ls
628 1643 749 1707 Burere
776 1640 846 1721 (sie)
872 1638 1013 1729 [Bruer’]
1035 1644 1125 1703 tenet
1150 1640 1299 1723 quintam
1324 1643 1451 1722 partem
1476 1658 1532 1706 uu.
1558 1639 1580 1703 f.
1608 1640 1643 1702 in
1670 1640 1779 1705 Pnsvs

280 1731 477 1799 consessus
492 1732 531 1795 de
547 1731 568 1795 J
569 1728 696 1795 ohanne
710 1731 752 1795 de
767 1730 918 1809 Matisco,
932 1733 967 1793 et
981 1730 1069 1791 idem
1085 1724 1251 1790 Johanues
1266 1727 1307 1789 ds
1329 1727 1476 1810 episeopo
1492 1726 1729 1812 Wygorniensi,
1743 1733 1780 1790 et

279 1820 449 1903 episeopus
464 1819 505 1883 de
519 1839 605 1904 rege.

326 1956 485 2021 Robertus
513 1956 553 2020 de
580 1956 758 2019 Marmilun
797 1952 867 2036 (sie)
902 1956 992 2017 tenet
1018 1953 1250 2019 Hsunseuuns
1277 1952 1490 2019 Snmmonm
1525 1951 1566 2015 de
1598 1949 1779 2037 Reginaldo

281 2044 350 2108 filio
376 2045 475 2123 Petri,
498 2049 533 2107 et
556 2044 646 2107 idem
672 2043 871 2128 Beginsldus
897 2042 939 2105 de
965 2042 1113 2124 episeopo
1138 2040 1376 2117 Herefordensi,
1401 2046 1436 2102 et
1451 2040 1539 2103 idem
1555 2038 1723 2123 episeopus
1738 2039 1778 2102 de

282 2151 368 2216 rege,
381 2132 438 2195 sed
452 2150 517 2194 nou
532 2132 570 2195 fit
585 2132 727 2208 mencio,
742 2129 811 2209 dne,
826 2150 882 2213 per
897 2129 983 2211 quod
999 2128 1181 2222 servicium.

326 2268 432 2333 Abbas
444 2268 485 2331 de
503 2268 661 2353 Oseneye‚
674 2267 827 2331 Matillda
841 2267 880 2329 de
895 2265 1024 2344 Pelton,
1037 2263 1202 2327 Galfridus
1217 2264 1258 2328 de
1274 2261 1471 2351 Langel[e],
1484 2269 1599 2330 tenent
1615 2266 1780 2334 Gusuunn

286 2359 412 2436 (rectius
443 2356 638 2434 Tussuunu)
674 2357 887 2423 Suennrosuu
917 2374 975 2436 pro
1003 2352 1048 2418 di.
1080 2350 1104 2416 f.
1135 2352 1175 2414 de
1205 2352 1353 2435 episeopo
1384 2352 1607 2431 Bathoniensi,
1634 2361 1668 2417 et
1694 2353 1782 2417 idem

283 2444 449 2527 episeopus
464 2444 504 2508 de
519 2446 638 2509 comite
653 2441 823 2522 cornubie,
839 2446 873 2504 et
888 2460 994 2504 eomes
1009 2439 1050 2502 de
1065 2458 1143 2523 rege
1157 2438 1177 2502 i.
1194 2459 1222 2504 c.

327 2580 523 2646 Benedictus
537 2582 624 2645 filius
639 2580 821 2658 Benedicti,
835 2580 892 2663 qni
908 2579 1007 2643 estin
1022 2576 1168 2640 custodia
1185 2577 1280 2660 regis,
1306 2577 1445 2640 tenetis
1461 2577 1688 2645 Tuosususon
1707 2575 1779 2657 (sie)

284 2689 339 2733 uu.
354 2669 377 2734 f.
393 2690 437 2734 m.
453 2669 494 2733 de
509 2690 585 2755 rege
600 2667 622 2733 i.
638 2689 666 2731 e.
682 2688 740 2750 per
757 2667 933 2733 baroniam.
984 2684 989 2694 ·

327 2806 445 2869 Petrus
459 2806 498 2870 de
514 2803 675 2870 Stauutou
690 2807 782 2867 tenet
797 2804 830 2866 iu
849 2802 963 2867 eadem
979 2802 1057 2867 ville
1073 2800 1117 2865 di.
1135 2800 1158 2866 i.
1176 2800 1216 2865 ds
1239 2798 1396 2865 Nieholso
1419 2802 1461 2866 ds
1484 2801 1631 2880 Multum
1656 2806 1689 2867 et
1714 2803 1783 2888 ipse

285 2893 325 2957 de
341 2893 486 2977 predicto
504 2892 691 2955 Benedieto.

329 3031 512 3095 Willelmus
537 3030 578 3093 de
605 3029 787 3093 Bamesden
812 3033 903 3092 tenet
928 3029 972 3092 di.
1000 3027 1022 3091 f.
1046 3027 1214 3091 desudem
1230 3025 1419 3105 Benedicto,
1435 3026 1570 3091 elidem
1589 3026 1784 3093 Benedictus

285 3124 374 3186 tenet
389 3120 499 3185 omnin
513 3119 657 3202 predicte
672 3117 765 3180 feoda
781 3116 820 3179 de
835 3137 909 3202 rege
925 3117 946 3181 i.
963 3138 989 3179 c.
1006 3136 1064 3198 per
1078 3116 1253 3180 baroniam.

328 3257 486 3320 Heurieus
515 3255 556 3319 de
586 3255 794 3338 Pyulreneye,
819 3253 1020 3336 Reginaldus
1050 3253 1089 3316 de
1107 3227 1324 3334 'Grandigalb
1352 3249 1519 3315 Johsnnes
1542 3252 1583 3315 de
1607 3251 1786 3332 Muterieh,

284 3344 641 3515 ‹tieniilgteliffwm
656 3363 713 3425 pro
728 3361 784 3404 uu.
799 3341 824 3407 f.
841 3342 883 3405 de
901 3340 1033 3404 baronis
1048 3338 1203 3403 Willelmi
1219 3338 1259 3402 de
1274 3338 1408 3418 Breuse,
1429 3346 1464 3402 et
1489 3339 1577 3403 idem
1601 3339 1785 3405 Willelmus

742 3692 963 3761 Huunsunuss
986 3711 1030 3756 nu
1053 3688 1332 3758 RESPEGATB.

289 3969 309 4033 b
330 3882 444 3986 Comes
459 3881 628 3946 Warrwiei
650 3877 831 3967 [Werwylr]
859 3884 951 3945 tenet
968 3880 1201 3947 Suunswosnn
1227 3899 1284 3963 pro
1309 3878 1435 3944 duobus
1450 3877 1472 3942 f.
1497 3879 1538 3942 de
1553 3897 1630 3962 rege
1646 3878 1667 3943 i.
1684 3899 1712 3944 e.
1730 3900 1786 3964 per

310 3991 465 4037 eremum.

329 4108 595 4194 Archiepiseopus
609 4108 820 4173 Ebureeensis
835 4112 926 4171 tenet
941 4107 1113 4171 dimidiam
1130 4105 1242 4169 villam
1256 4106 1296 4169 ds
1312 4105 1469 4172 Cunnum
1484 4123 1548 4188 que
1574 4103 1720 4187 pertinet
1745 4105 1785 4168 ad

286 4197 452 4261 burouism
466 4218 559 4260 susm
574 4197 613 4260 de
629 4194 840 4260 Chirthesden
863 4191 1129 4280 [Churchedon].

330 4333 514 4397 Willelmus
529 4333 569 4397 de
583 4333 616 4395 la
631 4333 725 4396 Mare
741 4335 835 4395 tenet
850 4331 1059 4396 Rsnuucuus
1085 4349 1144 4412 pro
1167 4327 1272 4392 tribus
1288 4327 1311 4393 f.
1329 4326 1369 4390 de
1385 4325 1506 4388 eomite
1522 4323 1738 4404 Gloueestrie,
1753 4331 1787 4390 et

288 4422 375 4486 idem
391 4440 497 4484 eomes
512 4421 553 4484 de
567 4440 644 4505 rege
661 4420 682 4484 i.
698 4441 729 4486 e.

290 4645 298 4660 α
330 4559 351 4624 J
353 4558 494 4623 obsuues
508 4556 642 4642 Gyffsrd
659 4561 751 4620 tenet
766 4555 1032 4635 Buuuusssunn,
1047 4573 1110 4637 que
1124 4553 1268 4636 pertinet
1283 4551 1324 4614 ad
1339 4549 1504 4646 baronium
1525 4568 1617 4612 susm
1645 4548 1685 4613 de
1709 4570 1787 4636 rege

288 4669 310 4711 1.
326 4667 355 4712 e.

331 4783 469 4868 Egidius
483 4782 524 4846 de
538 4781 715 4865 Berkeleys
730 4785 822 4845 tenet
839 4780 1069 4848 Oonsurensrs
1091 4773 1358 4865 [Gonnsruuurn]
1380 4794 1437 4860 pro
1453 4793 1510 4839 uu.
1520 4773 1543 4836 f.
1559 4773 1598 4836 de
1615 4770 1789 4839 heredibus

288 4869 422 4971 Roberti
437 4869 642 4951 Waleraund
657 4875 694 4933 et
708 4870 797 4933 idern
810 4866 942 4931 heredes
958 4868 1000 4930 de
1015 4867 1147 4930 domiuo
1163 4867 1202 4928 de
1220 4864 1392 4948 Durseleye
1407 4867 1441 4926 et
1456 4861 1545 4925 idem
1571 4861 1721 4925 dominus
1747 4863 1788 4926 de

289 4977 365 5042 rege
380 4980 402 5024 1.
418 4979 445 5022 e.
485 5027 495 5043 ·

332 5094 516 5158 Willelmus
530 5094 561 5157 le
575 5093 657 5157 Poer
678 5089 790 5180 [Puer]
813 5099 849 5155 et
863 5091 1025 5159 Walterus
1040 5089 1177 5155 Louhed
1193 5094 1308 5153 tenent
1336 5089 1533 5156 Connssnsu
1555 5083 1783 5175 [Cenussuuu]

289 5181 328 5246 de
364 5181 549 5266 Regiusldo
585 5181 654 5244 filio
690 5181 780 5244 Petri
816 5200 874 5262 pro
910 5178 1036 5242 duobus
1068 5179 1103 5256 f.,
1132 5182 1167 5241 et
1199 5177 1287 5240 idem
1325 5175 1523 5261 Reginuldus
1560 5178 1602 5236 de
1640 5174 1790 5258 episeopo

290 5269 528 5356 Wygorniensi‚
544 5273 580 5333 et
594 5269 762 5353 episeopus
777 5267 820 5330 de
835 5285 910 5351 rege
926 5265 946 5330 i.
965 5285 992 5327 e.

332 5406 497 5472 Johennes
519 5407 551 5470 le
577 5405 667 5469 Brun
693 5410 785 5470 tenet
811 5424 866 5468 uu.
890 5403 914 5467 f.
940 5403 975 5464 in
1000 5402 1194 5467 Hrnnnsron
1225 5397 1459 5487 [Hunnnsuou]
1490 5398 1530 5462 de
1554 5417 1628 5481 rege
1651 5397 1674 5464 i.
1692 5419 1720 5461 e.
1748 5398 1790 5464 de

288 5493 422 5560 baroms
435 5493 477 5559 de
492 5493 654 5558 Cormuule
676 5487 883 5580 [Cormsile].
