4117 6200
305 597 367 661 176
973 592 1124 662 ESSEX.

346 891 486 956 Thomas
515 891 555 955 de
584 889 770 976 Salasbury,
799 888 949 972 ohivaler,
978 894 1070 955 tenet
1098 890 1193 976 viijm
1222 896 1347 974 partem
1376 891 1400 957 f.
1434 892 1470 955 iu
1507 891 1664 969 Hnonnu,
1703 910 1800 972 quam

302 979 484 1045 Alexander
498 978 613 1043 Baillol
628 984 663 1043 et
677 978 860 1042 Willelmus
876 978 1009 1043 Flumer
1027 980 1154 1059 (rectius
1170 978 1313 1058 Plumer)
1329 978 1505 1063 aliquando
1520 982 1700 1043 tenuerunt

1727 1085 1756 1130 ι.
1773 1087 1800 1129 a.

346 1206 453 1271 Abbas
466 1206 507 1270 de
522 1205 682 1270 stratford
698 1209 789 1270 tenet
802 1204 847 1269 di.
863 1204 886 1270 f.
902 1205 938 1268 in
955 1204 1100 1284 Lauros,
1116 1206 1149 1270 in
1165 1226 1280 1290 puram
1295 1210 1329 1270 et
1343 1209 1532 1289 perpetuam
1548 1206 1757 1269 elemosinam

1703 1313 1755 1356 xx.
1772 1315 1798 1357 s.

346 1432 505 1496 Dominus
533 1431 690 1497 Rioardus
718 1432 758 1497 de
787 1431 820 1495 la
841 1430 952 1495 Vaohe
975 1434 1066 1539 tenet
1095 1431 1140 1497 di.
1168 1431 1228 1497 i.'
1219 1452 1254 1495 ιιι
1282 1432 1406 1507 eadem
1429 1432 1515 1516 quod
1545 1432 1730 1497 Willelmus
1760 1430 1800 1495 de

304 1520 504 1605 Bumpstede
520 1522 631 1585 tenuit
781 1559 793 1571 -
853 1528 864 1540 '
926 1559 1661 1573 ------
1705 1540 1757 1584 xx.
1774 1542 1799 1584 a.

304 1752 318 1811 t
347 1657 487 1811 (lriqtina
512 1657 751 1722 Undsroombes
772 1660 865 1722 tenet
889 1657 934 1765 di.
947 1656 1021 1724 ’.Γ
1011 1677 1047 1720 ιιι
1070 1656 1268 1763 Wsusrsus,
1295 1658 1381 1742 quod
1408 1657 1547 1723 Thomas
1576 1656 1801 1723 Underoombe

320 1767 395 1811 enm
495 1785 507 1799 .
605 1761 615 1773 ·
639 1784 1663 1799 ........
1707 1764 1759 1808 xx,
1775 1766 1801 1809 3,

350 1883 458 1947 hbbas
492 1883 532 1947 de
569 1880 731 1947 Stratiord
766 1885 857 1989 tenet
885 1880 930 1947 di.
962 1882 986 1947 i.
1016 1882 1053 1944 in
1069 1852 1299 1961 Wnsrrmuud,
1326 1884 1362 1945 in
1392 1902 1507 1966 puram
1537 1885 1572 1947 et
1608 1886 1800 1967 perpetuam

305 1971 513 2036 elemosinam
637 2009 1661 2023 --------
1706 1990 1758 2035 xx.
1775 1991 1801 2035 s.

349 2109 394 2172 Et
418 2108 505 2173 idem
530 2107 628 2172 abbas
649 2111 742 2172 tenet
755 2112 903 2193 quartam
918 2111 1043 2192 partem
1059 2110 1093 2171 et
1107 2107 1202 2190 viij⁸¹²²
1217 2128 1272 2174 un.
1288 2106 1312 2173 f.
1330 2107 1369 2172 de
1383 2108 1441 2171 illo
1456 2106 1548 2173 feodo
1562 2108 1702 2191 integro,
1716 2106 1802 2192 quod

305 2194 786 2353 ὶῐὲῑέἓζιὲιὲἒὲωοιιιιίῃι
809 2196 982 2281 participes
1007 2196 1067 2273 sni,
1094 2194 1267 2278 aliquando
1291 2198 1467 2262 tenuerunt
1493 2197 1530 2261 in
1557 2196 1745 2262 Esrmuun
1768 2198 1802 2258 et

343 2419 396 2571 elati
414 2417 592 2571 fiiqhgdlaus
611 2417 764 2500 Boumel,
788 2416 940 2499 ehivaler,
964 2421 1055 2482 tenet
1080 2420 1229 2501 quartam
1257 2420 1384 2501 partem
1409 2424 1443 2483 et
1468 2418 1562 2503 viij⁸³
1584 2416 1739 2505 [partem]
1762 2417 1802 2481 de

304 2527 343 2591 pr
397 2528 450 2572 oo
536 2527 566 2574 0.

349 2645 393 2709 Et
407 2643 563 2709 Rioardus
578 2644 685 2728 Plays,
699 2644 848 2727 nhivnler,
864 2648 955 2709 tenet
969 2647 1118 2727 quartam
1133 2648 1258 2728 partem
1273 2642 1314 2707 de
1329 2643 1417 2707 dioto
1432 2644 1527 2709 feodo
1659 2684 1670 2695 -
1715 2645 1757 2709 xl.
1776 2666 1801 2708 a.

692 2806 1069 2981 Summaql'eodornm'
1047 2806 1094 2889 uij
1098 2806 1276 2871 “seoda
1246 2805 1319 2891 vriJ'·
1333 2826 1445 2891 pars..

874 2892 1106 2979 Denariorum]
1091 2892 1197 2979 ]viij.
1214 2896 1249 2959 li.
1266 2915 1297 2959 v
1314 2917 1340 2959 s.

348 3059 490 3125 Domina
514 3057 677 3146 Philippa,
707 3061 822 3148 regina
846 3058 975 3146 Anglie,
999 3063 1092 3124 tenet
1116 3064 1264 3144 quartam
1290 3066 1416 3201 partem
1441 3080 1496 3126 un.
1524 3060 1598 3126 f.in
1625 3061 1802 3138 Hormus,

305 3168 403 3234 quam
419 3149 563 3236 Rogerus
577 3149 691 3234 Bygod
707 3149 879 3235 aliquando
892 3149 1000 3212 tenuit
1094 3188 1105 3199 ·
1238 3187 1251 3201 -
1528 3188 1539 3201 -
1672 3189 1683 3200 -
1729 3169 1758 3214 x.
1776 3171 1801 3213 r.

782 3307 1309 3471 Summalnemriommg·
1223 3417 1248 3462 s

534 3671 725 3737 Hnunnnna
749 3690 793 3735 nn
815 3667 1185 3737 HUDDELESFORD
1208 3689 1249 3734 nr
1271 3667 1590 3737 FROSSHWELL.

351 3833 491 3899 Domina
517 3833 657 3900 Isabella
681 3833 723 3897 de
748 3832 880 3919 Bourgh
907 3838 999 3899 tenet
1022 3833 1204 3898 manerium
1228 3833 1270 3897 de
1295 3831 1417 3899 Matura
1448 3831 1653 3900 Garunnam
1680 3834 1805 3911 (rectius

308 3923 537 4002 Baunsrnnn),
553 3921 651 3986 simul
665 3941 742 3985 oum
755 3922 828 3985 aliis
842 3924 993 3986 maneriis
1007 3922 1050 3986 de
1063 3919 1246 3985 hereditate
1260 3920 1402 3985 Gilberti
1416 3921 1457 3985 de
1472 3919 1572 3999 Clare,
1587 3928 1636 3984 set
1656 3941 1713 4004 per
1726 3925 1805 4003 quot

308 4010 402 4076 feoda
417 4030 482 4075 non
497 4011 607 4094 potuit
621 4010 753 4092 inquiri,
768 4014 806 4072 ut
822 4014 912 4093 patet
927 4030 984 4093 per
999 4009 1255 4094 inquisicionem.

350 4145 516 4212 Johannes
529 4146 571 4210 de
586 4143 669 4210 Assh
685 4144 836 4210 atridam
853 4146 894 4210 de
909 4145 1023 4209 Erdale
1037 4150 1132 4210 tenet
1146 4147 1213 4224 (sic)
1226 4146 1407 4209 manerium
1421 4146 1463 4209 da
1479 4146 1586 4211 Pium
1602 4145 1806 4212 Gsannrsnu

311 4238 438 4313 (rectius
453 4235 668 4312 Baauarann)
686 4253 744 4318 per
757 4235 824 4298 tria
837 4231 931 4298 feoda
945 4254 990 4298 m.
1005 4254 1069 4317 qua
1084 4231 1269 4317 Stephanus
1283 4233 1323 4298 de
1338 4232 1476 4297 Eseldon
1490 4233 1663 4317 aliquando
1678 4236 1805 4404 teqjuiqi·

351 4457 514 4525 lohannes
528 4459 568 4524 da
583 4457 720 4524 Botillsr
733 4464 766 4524 et
782 4458 941 4524 Rioardus
955 4458 996 4523 de
1012 4459 1187 4542 Haveryng
1213 4461 1332 4522 tenent
1352 4458 1514 4541 quoddam
1540 4458 1723 4522 manerium
1749 4477 1806 4542 pro

308 4547 353 4612 di.
368 4546 393 4612 f.
410 4566 454 4611 m.
471 4547 557 4630 quod
583 4547 745 4629 quondam
764 4544 830 4610 fuit
844 4545 994 4611 Johanne
1009 4546 1050 4609 de
1066 4545 1256 4624 Mandevill,
1271 4547 1433 4610 oomitisse
1447 4545 1660 4624 Glounestrie,
1674 4551 1709 4610 et
1723 4544 1807 4630 quod

309 4633 494 4786 {qullqqurts
530 4632 658 4772 Coleby,
695 4634 891 4773 Laurentius
934 4633 976 4772 de
1019 4633 1192 4770 Stratiord,
1224 4632 1391 4772 iohannes
1428 4632 1608 4772 Bruunyng
1645 4633 1807 4784 quofflaqq

309 4854 537 5009 “willelm
551 4855 592 4922 de
608 4856 745 4941 Clopton
761 4862 854 4922 tenet
870 4877 925 4922 un.
941 4856 965 4922 f.
983 4856 1016 4919 iu
1033 4856 1141 4922 Paava
1158 4855 1324 4936 hennom),
1341 4857 1427 4940 quod
1441 4857 1559 4921 Petrus
1573 4856 1613 4920 de
1628 4853 1808 5007 Talewqrth

344 4965 402 5008 nm
506 4981 1675 4997 .........
1719 4965 1740 5006 x
1755 4992 1763 5008 ,
1780 4965 1806 5007 3,

352 5081 493 5145 Thomas
507 5080 549 5144 da
563 5079 736 5164 Tendrrng
750 5084 843 5144 tenet
858 5079 1017 5145 desimam
1033 5084 1161 5164 partem
1176 5079 1199 5146 f.
1217 5080 1258 5144 de
1273 5081 1331 5144 illa
1346 5082 1446 5144 tercia
1460 5085 1549 5164 parte
1565 5080 1589 5146 f.

353 5217 399 5281 Et
422 5215 588 5283 Johannes
610 5216 643 5280 le
669 5216 790 5280 Ussher
814 5221 848 5281 et
871 5214 1037 5282 Johannes
1065 5215 1157 5281 Gens
1184 5220 1297 5281 tenent
1312 5218 1477 5282 residuum
1491 5217 1578 5281 dicte
1593 5219 1693 5281 tercie
1709 5238 1765 5302 par
1767 5218 1808 5280 tis

310 5305 435 5370 leodi
425 5326 461 5368 m
491 5306 598 5370 Pansa
629 5304 804 5370 Saunroan
832 5310 868 5368 et
897 5305 1101 5370 Barnaeum)
1131 5305 1263 5383 Manus,
1294 5325 1391 5388 quam
1420 5301 1585 5368 Johannes
1613 5305 1654 5368 de
1685 5305 1806 5382 Insula,

309 5393 466 5458 Rioardus
479 5391 566 5456 filius
581 5391 733 5470 Simonis,
749 5396 781 5455 et
797 5392 957 5457 Robertus
973 5392 1059 5455 filius
1076 5391 1225 5477 Hugonis
1242 5391 1405 5475 quondam
1419 5397 1638 5563 tenueruqtllJ
1655 5500 1681 5544 8
1698 5499 1760 5562 ω]
1776 5477 1809 5544 d.
