4117 6200
298 628 361 693 186
968 626 1120 697 ESSEX.

343 924 485 989 Ecclesia
501 924 540 989 de
558 926 754 994 Srroesnoun
770 930 900 991 taxatur
914 926 954 989 ab
969 927 1106 1011 antiquo
1128 947 1180 991 xv.
1205 946 1338 990 marces.
1383 922 1504 1005 Nichil,
1531 924 1608 1010 quis
1633 945 1697 989 non
1720 930 1796 989 sunt

299 1011 409 1077 decem
424 1011 645 1078 inhabitantes
659 1014 823 1077 domicilia
837 1019 997 1092 tenentes,
1012 1015 1097 1079 sicut
1110 1014 1293 1078 continetur
1308 1014 1342 1077 in
1357 1013 1572 1096 inquisicione
1586 1013 1741 1098 predicta.

343 1152 488 1216 Ecclesia
515 1153 557 1217 de
589 1153 840 1233 Sonruouracrr,
871 1154 906 1216 in
935 1153 1096 1217 decanatu
1133 1151 1173 1217 de
1210 1152 1382 1238 Boklsyng,
1417 1156 1548 1218 taxetur
1585 1152 1626 1215 ab
1662 1151 1797 1235 antiquo

299 1240 343 1304 xl.
358 1260 491 1307 marces.
536 1239 734 1320 Subsidium,
750 1240 797 1325 liij
824 1265 849 1306 s.
865 1239 926 1324 iiij.
940 1241 971 1306 d.

344 1378 487 1443 Ecclesia
501 1378 542 1443 de
556 1380 747 1446 Hannwann
762 1384 893 1444 taxatur
907 1380 948 1443 ab
961 1380 1097 1462 antiquo
1112 1400 1184 1445 xxx.
1200 1402 1226 1445 s.
1272 1377 1394 1456 Nichil,
1408 1378 1485 1462 quia
1499 1397 1564 1443 non
1585 1380 1660 1442 sunt
1685 1376 1796 1442 decem

301 1464 523 1531 inhabitantes
537 1468 701 1532 domicilia
716 1472 878 1548 tenentes,
895 1469 981 1531 sicut
995 1468 1182 1531 continetur
1197 1468 1232 1529 in
1247 1467 1462 1550 inquisicione
1476 1466 1631 1551 predicta.

345 1604 488 1669 Ecclesia
502 1606 542 1670 de
556 1607 730 1672 Assrunou
746 1610 874 1670 taxetur
887 1605 929 1670 ab
944 1606 1079 1690 antiquo
1094 1604 1205 1688 xxxiij.
1217 1628 1243 1671 s.
1268 1604 1329 1689 iiij.
1341 1606 1372 1669 el.
1417 1602 1539 1683 Nichil,
1553 1605 1630 1690 quia
1644 1624 1708 1669 non
1723 1606 1799 1667 sunt

301 1692 414 1756 decem
429 1690 648 1757 inhabitantes
663 1694 829 1758 domicilia
844 1699 1005 1772 tenentes,
1018 1696 1102 1757 sicut
1117 1694 1302 1757 continetur
1318 1694 1352 1755 in
1368 1692 1581 1776 inquisicione
1595 1692 1754 1776 predicta.

345 1828 489 1894 Ecclesia
503 1829 544 1895 de
560 1831 777 1899 Srauaanoon
793 1833 901 1899 Psuvs
915 1835 1046 1896 taxatur
1060 1831 1101 1895 ab
1115 1832 1250 1915 antiquo
1264 1830 1308 1898 xl.
1325 1854 1351 1897 s.
1397 1829 1518 1909 Nichil,
1533 1830 1609 1914 quia
1633 1849 1698 1893 non
1723 1832 1798 1893 suut

300 1917 412 1981 decem
427 1915 648 1983 inhabitantes
670 1919 834 1984 domicilia
848 1925 1008 2000 tenentes,
1023 1920 1108 1983 sieut
1123 1920 1307 1982 continetur
1322 1920 1356 1981 in
1372 1918 1586 2003 inquisicione
1601 1918 1755 2001 predicte.

821 2057 992 2122 Porcicnes
1006 2078 1058 2122 xx.
1070 2078 1096 2121 s.
1112 2077 1142 2122 x.
1154 2057 1185 2121 d.
1200 2056 1252 2123 ob.

823 2196 998 2260 Peneiones
1013 2195 1057 2279 vj.
1074 2218 1100 2260 s.
1127 2193 1187 2278 iiij.
1204 2195 1237 2260 d.

348 2333 483 2398 Summa
497 2333 598 2417 clxiij.
612 2334 646 2399 li.
663 2335 731 2418 viij.
745 2358 771 2400 s.
788 2335 850 2419 iiij.
863 2337 895 2400 d.
912 2334 953 2398 ad
967 2356 997 2399 x.
1013 2353 1137 2398 marcas
1153 2338 1187 2397 et
1202 2333 1299 2414 ultra,
1316 2337 1350 2397 et
1366 2353 1396 2396 v.
1413 2332 1496 2397 inira
1511 2354 1542 2398 x.
1559 2352 1691 2399 marcas.

738 2470 873 2536 Summa
888 2472 1021 2537 subsidii
1036 2470 1127 2556 xviij.
1139 2472 1173 2538 li.
1197 2470 1231 2555 ij.
1244 2472 1278 2537 d.

740 2610 874 2676 Summa
888 2612 1088 2696 superoneris
1103 2609 1201 2696 xxxij.
1213 2634 1240 2677 s.
1263 2608 1311 2695 iij.
1323 2611 1355 2675 d.

809 2803 1027 2870 Huunarnuu
1050 2738 1094 2869 oh
1118 2802 1305 2870 DANSEY.

351 2938 493 3003 Ecclesia
507 2938 548 3002 de
563 2940 781 3020 anosunun,
798 2963 872 3005 cum
888 2942 1064 3027 capellada
1080 2942 1128 3008 La
1142 2943 1255 3021 Wanu,
1269 2944 1398 3005 taxatur
1412 2938 1453 3004 ab
1468 2939 1602 3023 antiquo
1618 2938 1661 3006 lx.
1671 2957 1803 3002 marces.

307 3026 506 3108 Subsidium,
520 3026 582 3112 iiij.
600 3028 634 3093 li.

350 3167 394 3231 Et
420 3172 595 3231 onerantur
617 3187 711 3251 super
735 3174 921 3252 compotum
942 3169 982 3234 de
1008 3169 1051 3253 vj.
1067 3193 1093 3235 s.
1119 3169 1187 3254 viij.
1204 3169 1235 3233 d.
1262 3168 1303 3232 de
1331 3167 1472 3232 subsidio
1487 3164 1566 3250 lxvj.
1582 3190 1609 3232 e.
1637 3163 1803 3250 cujusdam

308 3255 478 3337 porcionis,
501 3275 599 3339 quam
624 3257 711 3338 prior
736 3256 777 3320 de
802 3255 969 3323 Hattefeld
992 3256 1137 3322 Peverell
1159 3256 1298 3341 precipit
1317 3257 1352 3319 in
1366 3255 1479 3320 eadem
1494 3253 1638 3336 ecclesie,
1654 3253 1806 3318 videlicet

303 3341 400 3425 juxta
415 3341 551 3407 formam
566 3344 787 3423 concessionis,
801 3342 858 3410 dcc.

352 3477 494 3543 Ecclesia
508 3479 550 3543 de
566 3479 704 3546 Dauom
717 3485 847 3545 taxatur
860 3481 901 3546 ab
915 3482 1050 3565 antiquo
1064 3483 1108 3545 ix.
1122 3501 1256 3545 marcas.
1301 3479 1500 3560 Subsidium,
1518 3478 1559 3564 vj.
1572 3503 1599 3545 s.
1616 3477 1685 3563 viij.
1696 3475 1728 3544 d.

352 3615 397 3679 Et
421 3621 598 3681 onerantur
621 3635 717 3692 super
742 3626 928 3704 compotum
950 3619 991 3684 de
1016 3619 1093 3704 xvij.
1110 3645 1135 3686 s.
1162 3617 1203 3684 de
1228 3619 1369 3683 subsidio
1393 3618 1593 3702 quarundam
1619 3617 1806 3701 porcionum

310 3702 392 3787 cxvj.
408 3727 435 3770 s.
465 3704 582 3789 viij.d.
612 3725 691 3789 quas
720 3708 807 3790 prior
837 3708 877 3772 de
906 3707 1046 3786 Berden,
1077 3712 1113 3772 et
1141 3707 1250 3773 Becon
1287 3705 1357 3793 [ie.
1389 3709 1438 3772 the
1460 3707 1578 3791 jorrrilp
1607 3709 1645 3790 os
1667 3701 1805 3790 Bacon],

309 3793 481 3875 separatim
517 3794 702 3876 precipiunt
738 3795 772 3858 in
810 3794 924 3859 eedem
959 3795 1107 3870 ecclesia,
1143 3816 1217 3860 oum
1255 3794 1352 3858 dictis
1389 3796 1432 3858 ix.
1470 3795 1586 3857 marcis
1621 3813 1689 3876 pro,
1733 3795 1807 3855 taxa

309 3876 456 3962 ejusdem
478 3881 624 3957 ecclesie,
647 3883 732 3946 ultra
757 3881 800 3967 vj.
814 3906 840 3948 s.
869 3881 938 3967 viij.
951 3884 984 3948 d.
1015 3883 1158 3967 superius
1189 3887 1347 3959 oneratos,
1375 3881 1526 3946 videlicet
1549 3880 1646 3965 juxta
1671 3879 1807 3944 formam

310 3968 534 4048 concessionis,
549 3966 608 4035 dre.

353 4104 497 4171 Ecclesia
510 4107 551 4171 de
565 4109 756 4176 Assrunuarr
772 4113 902 4173 taxatur
927 4108 968 4173 ab
990 4109 1125 4192 antiquo
1139 4107 1196 4192 vij.
1221 4128 1353 4173 marcas.
1399 4104 1519 4186 Nichil,
1545 4107 1621 4188 quia
1646 4124 1710 4168 non
1733 4109 1808 4168 sunt

309 4192 577 4363 gtgffisapmone
601 4194 824 4262 inhabitantes
848 4194 1014 4261 domicilia
1037 4200 1195 4276 tenentes,
1221 4197 1305 4260 sicut
1331 4196 1516 4259 continetur
1542 4195 1577 4257 in
1592 4193 1805 4276 inquisicione

333 4419 498 4575 uIioplesio
526 4422 566 4486 de
594 4423 761 4492 Burrum
791 4428 921 4490 taxatur
944 4423 985 4488 ab
1011 4423 1147 4509 antiquo
1175 4444 1228 4489 xx.
1260 4443 1393 4489 marcas.
1449 4420 1648 4500 Subsidium,
1679 4418 1765 4503 xxvj.
1781 4441 1808 4485 s.

309 4528 379 4592 vnj.
418 4557 427 4576 .

334 4647 509 4802 Ecclesia}
525 4648 567 4713 de
599 4651 723 4719 Seuero
751 4651 941 4718 Lauanuoro
965 4655 1096 4716 taxatur
1117 4650 1158 4714 ab
1185 4650 1320 4733 antiquo
1345 4649 1401 4734 vij.
1429 4669 1563 4714 marcas.
1609 4645 1808 4724 Subsidium,

311 4753 477 4819 v1.s.vrrj.
512 4786 519 4802 .

353 4868 498 4937 Ecclesia
511 4874 552 4937 de
568 4873 715 4942 Srnernn
729 4878 859 4939 taxatur
873 4873 914 4938 ab
928 4875 1064 4960 antiqno
1079 4874 1122 4941 lx.
1139 4895 1166 4940 a.
1212 4873 1411 4952 Subsidium,
1426 4872 1471 4957 vj.
1483 4895 1511 4940 a.
1528 4870 1599 4956 viij.
1612 4869 1644 4937 d.

354 5006 404 5071 De
418 5008 526 5093 aliquo
540 5009 683 5076 subsidio
697 5010 865 5095 cujusdam
880 5011 1039 5096 porcionis
1053 5033 1106 5079 xx.
1123 5035 1149 5077 s.
1166 5033 1263 5097 quam
1278 5012 1376 5078 abbas
1399 5011 1440 5074 de
1463 5007 1646 5075 Colchestre
1671 5005 1812 5091 precipit

313 5095 349 5157 in
378 5094 491 5160 eadem
522 5097 667 5176 ecclesia,
684 5119 750 5163 non
779 5098 985 5184 respondent,
1011 5120 1049 5163 eo
1079 5099 1164 5185 quod
1194 5101 1283 5165 dicta
1311 5099 1430 5184 porcio,
1460 5118 1535 5163 cum
1563 5100 1639 5162 taxa
1667 5093 1811 5180 ejusdem

311 5181 455 5261 ecclesie,
467 5183 509 5248 ad
525 5203 685 5249 summam
700 5208 731 5251 x.
746 5206 926 5251 marcarum
941 5207 1006 5251 non
1022 5189 1205 5272 attingunt.

352 5319 496 5385 Ecclesia
511 5319 550 5384 de
565 5320 711 5389 Mounou
725 5328 858 5388 taxatur
871 5325 912 5389 ab
926 5325 1060 5409 antiquo
1083 5325 1152 5409 xiij.
1168 5346 1299 5391 marcas.
1344 5323 1542 5403 Subsidium,
1558 5321 1635 5406 xvij.
1648 5345 1674 5388 s.
1698 5317 1761 5404 iiij.
1776 5317 1808 5385 cl.

354 5457 497 5525 Ecclesia
511 5458 551 5523 dc
566 5461 700 5529 Nomou
715 5467 845 5527 teratur
860 5463 901 5526 ab
916 5465 1049 5549 antiquo
1064 5465 1108 5530 ix.
1125 5485 1256 5530 marcas.
1302 5461 1425 5540 Nichil,
1440 5463 1595 5546 quianon
1611 5464 1688 5524 sunt
1702 5457 1813 5523 decem

311 5563 457 5717 giddidtea
490 5546 714 5616 inhabitantes
750 5550 916 5616 domicilia
952 5558 1116 5632 tenentes,
1151 5554 1235 5616 sicut
1272 5551 1481 5616 continentur
1518 5550 1554 5614 in
1599 5546 1813 5631 inquisicione
