4117 6200
912 628 994 701 ab.
1021 634 1115 699 1428.
1302 692 1305 699 ,
1696 632 1756 697 181

262 919 416 1003 predictis
429 920 511 984 ratis
523 918 708 1000 eorundem,
722 920 764 984 ad
778 922 899 985 testum
913 921 1104 992 Nativitatis
1127 922 1239 987 Sancti
1259 921 1282 985 J
1283 921 1418 987 ohannis
1440 921 1588 1006 Baptista
1612 923 1757 1008 proxime

262 1008 421 1086 futurum,
442 1005 574 1071 Proviso
592 1028 719 1092 semper
731 1008 818 1093 quod
831 1009 1017 1075 collectores
1040 1010 1193 1075 bonorum
1215 1013 1250 1074 et
1272 1010 1498 1075 revenoionum
1519 1012 1757 1076 concessionum

263 1095 482 1178 predictarum
495 1115 554 1179 pro
568 1095 728 1160 laboribus
740 1101 775 1160 et
788 1097 943 1161 custubus
957 1097 1024 1161 suis
1038 1096 1177 1163 habeant
1202 1118 1259 1182 pro
1282 1098 1446 1164 levaciona
1469 1096 1642 1163 earundem
1660 1098 1675 1183 j
1680 1104 1758 1164 uxta

262 1182 491 1247 discreoionem
502 1181 693 1247 thesaurarii
706 1187 742 1248 et
756 1183 910 1249 baronum
925 1185 966 1250 de
981 1184 1145 1250 Scaccario
1159 1205 1216 1271 pro
1231 1189 1372 1270 tempore
1387 1186 1601 1251 existencium
1615 1188 1758 1251 raciona-

262 1268 373 1335 biliter
387 1275 632 1335 remunerentur
646 1276 680 1335 et
694 1276 934 1339 contententur.

305 1404 372 1469 Nos
401 1406 545 1471 volentes
572 1406 614 1471 de
649 1407 837 1493 hujusmodi
874 1409 1024 1473 subsidiis
1056 1410 1153 1493 juxta
1181 1410 1250 1474 vim
1287 1413 1321 1474 et
1357 1408 1510 1475 effectum
1547 1409 1758 1473 concessionis
1886 1424 1890 1431 '

263 1492 406 1578 predicte
420 1494 614 1579 responderi,
628 1516 666 1560 ac
681 1496 722 1560 de
738 1496 896 1560 fidelitate
913 1502 947 1561 et
960 1497 1247 1580 circumspectione
1262 1498 1374 1561 vestris
1397 1496 1525 1582 plenius
1550 1496 1756 1575 confidentes,

263 1581 507 1665 assignavimus
532 1602 589 1647 vos
612 1581 653 1646 ad
678 1582 861 1662 levandum,
887 1584 1106 1669 colligendum
1132 1589 1166 1648 et
1188 1585 1410 1668 recipiendum
1439 1584 1481 1647 ad
1507 1604 1586 1666 opus
1610 1590 1756 1648 nostrum

258 1666 354 1751 juxta
368 1667 505 1733 formam
516 1668 662 1755 ejusdem
673 1671 883 1736 concessionis
894 1670 934 1735 de
945 1673 1103 1736 universis
1114 1671 1383 1753 inhabitantibus,
1394 1671 1559 1736 domicilia
1570 1671 1755 1736 tenentibus

263 1756 434 1839 cujuslibet
448 1756 597 1841 parochie
611 1758 697 1823 infra
712 1760 907 1823 comitatum
922 1760 1063 1837 Essexie,
1078 1760 1162 1823 iufra
1176 1759 1343 1824 libertates
1357 1764 1391 1824 et
1405 1764 1507 1836 extra,
1521 1758 1697 1823 dummodo
1719 1762 1754 1823 in

263 1843 374 1907 cedern
398 1844 551 1929 parochia
576 1845 687 1910 decem
713 1866 846 1930 persone
870 1844 1092 1910 inhabitantes
1116 1844 1280 1910 domicilia
1305 1851 1455 1912 tenentes
1482 1847 1634 1927 existant,
1661 1846 1754 1932 cujus

267 1930 401 1995 ecclesia
426 1951 491 1996 uon
515 1936 646 1997 taxatur
671 1940 727 1997 aut
755 1938 832 1998 ante
858 1934 1059 2019 quindenam
1084 1934 1263 2018 predictam
1287 1938 1398 1999 taxata
1413 1937 1481 1998 erat
1495 1934 1581 1997 inira
1595 1954 1755 1997 summam

264 2019 375 2082 decem
390 2039 572 2084 marearum
586 2041 644 2105 per
658 2040 793 2100 anuum,
806 2020 848 2085 de
863 2022 954 2086 bouis
968 2022 1035 2085 suis
1050 2021 1222 2086 mobilibus
1238 2042 1293 2086 sex
1309 2022 1424 2086 solidos
1440 2025 1474 2085 et
1499 2026 1572 2085 octo
1597 2022 1756 2100 denarios,

265 2106 403 2191 singulis
416 2107 604 2171 civitatibus
618 2114 652 2172 et
668 2108 779 2194 burgis
793 2107 878 2172 infra
892 2108 1031 2173 eundern
1047 2110 1250 2188 comitatum,
1265 2114 1303 2173 ut
1326 2108 1495 2193 prefertur,
1510 2110 1665 2193 exceptis.
1710 2108 1756 2173 Et

263 2192 394 2277 insuper
421 2193 461 2258 de
488 2196 647 2259 universis
682 2194 953 2273 inhabitantibus,
981 2196 1147 2260 domicilia
1176 2196 1375 2276 tenentibus,
1406 2195 1576 2280 cujuslibet
1606 2194 1755 2281 parochie

264 2279 409 2365 ejusdem
424 2283 608 2359 comitatus,
618 2283 704 2346 intra
717 2283 884 2347 libertates
898 2288 932 2347 et
946 2288 1047 2361 extra,
1056 2284 1242 2347 civitatibus
1252 2287 1286 2347 et
1297 2283 1408 2369 burgis
1422 2286 1458 2347 in
1471 2284 1584 2357 eodem
1595 2284 1755 2348 comitatu

264 2368 478 2433 existentibus
501 2369 655 2434 similiter
681 2371 834 2455 exceptis,
859 2371 952 2455 cujus
974 2371 1108 2454 quidem
1134 2370 1282 2455 parochie
1311 2370 1446 2435 ecclesia
1476 2371 1684 2456 singulariter
1712 2369 1754 2435 ad

263 2475 424 2520 summam
459 2456 574 2520 decem
611 2477 790 2521 marcarum
826 2478 884 2541 per
920 2477 1043 2520 anuum
1079 2463 1157 2522 ante
1186 2457 1306 2522 dictam
1337 2457 1534 2542 quindenam
1572 2458 1755 2536 taxabatur,

262 2542 437 2607 dummodo
459 2544 494 2606 in
521 2545 635 2608 eadem
660 2543 811 2629 parochia
835 2545 947 2610 decem
960 2543 1180 2611 inhabitantes
1194 2545 1359 2611 domicilia
1374 2550 1529 2610 tenentes
1545 2546 1698 2622 existant,
1713 2545 1754 2609 de

261 2629 352 2693 bouis
378 2631 444 2694 suis
469 2630 644 2695 mobilibus
667 2634 839 2698 tresdecim
854 2632 971 2697 solidos
985 2639 1020 2696 et
1035 2638 1173 2717 quatuor
1186 2633 1346 2712 denarios,
1361 2637 1396 2697 et
1410 2633 1455 2696 sic
1470 2632 1756 2715 proporcionaliter

262 2716 461 2781 ascendendo
472 2717 569 2802 juxta
583 2723 686 2783 ratam
701 2724 776 2784 taxe
790 2720 923 2784 ecclesie
937 2719 1028 2785 illius
1044 2722 1133 2805 prius
1147 2721 1244 2798 facte,
1267 2726 1305 2784 ut
1331 2724 1382 2785 est
1407 2719 1544 2797 dictum,
1566 2738 1691 2783 necnon
1715 2719 1754 2783 de

261 2804 530 2884 inhabitantibus,
554 2807 720 2870 domicilia
742 2808 940 2889 tenentibus,
966 2808 1138 2893 cujuslibet
1153 2807 1302 2892 parochie
1317 2808 1402 2872 inira
1423 2807 1572 2871 civitates
1587 2812 1620 2871 et
1635 2806 1754 2890 burgos

261 2891 342 2956 dicti
357 2892 541 2970 comitatus,
555 2892 639 2957 infra
653 2894 819 2958 libertates
833 2900 866 2959 et
880 2900 982 2973 extra,
994 2896 1158 2959 consimili
1173 2895 1268 2959 modo
1284 2900 1318 2960 et
1332 2894 1435 2959 forma
1455 2891 1648 2971 inhabitate,
1663 2892 1754 2979 cujus

260 2978 392 3043 ecclesis
414 2980 531 3044 valoris
554 2982 657 3045 annui
678 2982 813 3067 virginti
836 2982 1012 3047 solidorum
1038 2984 1161 3063 existit,
1185 2981 1264 3046 duos
1285 2982 1413 3061 solidos,
1428 2985 1463 3046 et
1488 2983 1534 3045 sic
1554 2980 1755 3046 ascendendo

257 3065 354 3150 juxta
375 3072 482 3132 ratam
506 3068 671 3153 usquead
701 3089 909 3154 suppremum
934 3076 967 3136 et
991 3072 1170 3135 maximum
1196 3069 1337 3135 valorem
1360 3069 1504 3153 ejusdem
1530 3068 1673 3149 ecclesie,
1697 3089 1755 3154 per

262 3154 388 3219 debitas
412 3156 642 3241 inquisiciones
667 3158 743 3221 inde
765 3155 939 3221 faciendas.
983 3159 1028 3222 Et
1051 3161 1183 3242 insuper
1207 3159 1248 3222 de
1274 3157 1421 3241 qualibet
1434 3177 1568 3240 persona
1584 3157 1695 3222 saisita
1709 3156 1752 3221 de

262 3243 359 3306 terris
371 3246 406 3307 et
420 3246 618 3309 tenementis
631 3244 716 3308 infra
730 3245 869 3309 eundem
884 3246 1088 3325 comitatum,
1105 3246 1188 3309 intra
1201 3245 1366 3308 libertates
1381 3247 1417 3308 et
1429 3249 1529 3322 extra,
1540 3244 1576 3306 in
1592 3243 1754 3308 dominico

263 3349 321 3393 suo
334 3331 374 3393 ut
387 3328 429 3393 de
443 3330 544 3396 libero
559 3335 757 3411 tenemento,
771 3353 833 3416 que
848 3336 947 3396 terras
961 3336 996 3397 et
1009 3337 1197 3397 tenementa
1215 3331 1329 3396 eadem
1354 3351 1488 3415 persona
1511 3331 1755 3414 possessionem,

264 3435 323 3481 seu
350 3437 483 3500 persone
508 3420 750 3502 possessiouate,
778 3423 869 3484 tenet
891 3440 948 3484 sen
976 3425 1093 3484 tenent
1122 3419 1313 3484 immediate
1342 3440 1399 3503 per
1427 3419 1593 3504 integrum
1623 3418 1754 3483 feodum

262 3503 392 3583 militis,
406 3525 461 3568 sex
479 3505 595 3570 solidos
619 3510 654 3571 et
679 3512 752 3571 octo
776 3506 935 3586 denados,
950 3511 984 3572 et
1005 3507 1050 3572 sic
1060 3506 1156 3592 juxta
1170 3513 1274 3572 ratam
1289 3527 1392 3592 usque
1407 3506 1449 3570 ad
1463 3511 1612 3591 quartam
1628 3511 1754 3590 partem

262 3588 348 3655 feodi
361 3591 478 3654 militis
492 3592 661 3672 inclusive,
673 3594 924 3677 possessionibus
938 3595 1169 3678 temporalibus
1184 3593 1433 3660 decemabilibus
1447 3594 1704 3679 quibuscumque
1718 3614 1755 3658 ac

262 3678 495 3760 pomessoribus
520 3681 695 3744 eanmdem
718 3703 776 3766 pro
800 3682 922 3746 eisdem
943 3683 1097 3766 exceptis,
1112 3687 1151 3745 ut
1164 3683 1379 3767 premittitur,
1393 3687 1428 3746 et
1441 3681 1533 3745 nobis
1547 3682 1588 3746 de
1604 3681 1756 3746 subsidiis

262 3764 416 3848 predictis
429 3765 470 3829 ad
485 3766 569 3831 lesta
582 3768 728 3853 predicta
742 3769 777 3833 in
790 3769 892 3832 torma
906 3770 1054 3851 predicta
1068 3769 1299 3853 respondendis
1324 3770 1365 3833 ad
1391 3770 1584 3833 scaccarium
1607 3774 1754 3833 nostrum

262 3857 321 3917 aut
335 3852 425 3930 alibi,
438 3853 495 3917 ubi
509 3856 788 3941 assignaverimus.
833 3858 877 3920 Et
891 3857 963 3921 ideo
978 3856 1068 3921 vobis
1083 3855 1285 3937 mandamus,
1299 3856 1386 3942 quod
1401 3877 1457 3921 vos
1471 3855 1512 3920 de
1537 3853 1688 3940 parochia
1713 3857 1755 3920 ad

261 3940 446 4022 parochiam
471 3947 507 4004 et
532 3942 597 4006 alia
621 3943 691 4007 loca
711 3944 796 4009 infra
820 3946 1014 4009 comitatum
1039 3945 1233 4028 predictum,
1258 3950 1326 4009 tam
1350 3942 1434 4008 inira
1462 3943 1627 4008 libertates
1656 3965 1755 4028 quam

263 4033 364 4106 extra,
378 4033 474 4112 prout
487 4028 606 4093 melius
620 4031 771 4115 expedire
785 4033 933 4097 videritis
948 4053 987 4096 ex
1001 4033 1106 4096 causis
1121 4034 1283 4116 premissis
1297 4030 1506 4115 personaliter
1519 4030 1705 4112 divertatis,
1716 4052 1754 4095 ac

262 4115 371 4178 venire
386 4115 515 4179 faciatis
529 4137 636 4181 coram
651 4119 741 4182 vobis
755 4119 795 4183 de
808 4119 955 4203 qualibet
969 4118 1122 4204 parochia
1135 4119 1220 4183 inira
1238 4120 1431 4184 comitatum
1454 4118 1650 4202 predictum,
1664 4123 1755 4183 extra

261 4201 409 4267 civitates
423 4206 459 4266 et
472 4203 600 4290 burgos,
614 4204 694 4270 duos
709 4207 856 4271 homiues
871 4210 905 4271 et
919 4208 1120 4292 prepositum
1136 4209 1172 4270 et
1185 4206 1226 4271 de
1240 4204 1385 4290 qualibet
1408 4203 1557 4289 parochia
1580 4204 1755 4288 cujuslibet

261 4289 404 4354 civitatis
428 4295 463 4354 et
488 4290 583 4378 burgi
605 4291 755 4377 ejusdem
768 4296 942 4358 comitatus
956 4295 1113 4358 maiorem
1128 4294 1190 4358 sire
1204 4292 1338 4357 ballivos
1353 4297 1411 4356 aut
1425 4293 1625 4376 prepositum
1640 4297 1675 4356 et
1688 4296 1755 4358 tres

240 4375 314 4462 'vel
331 4377 413 4442 duos
429 4378 471 4443 de
498 4378 740 4445 discrecioribus
763 4384 799 4444 et
820 4381 1021 4464 probioribus
1047 4381 1232 4446 hominibus
1257 4381 1432 4445 earundem
1455 4376 1690 4462 parochiarum,
1713 4378 1755 4443 ad

261 4465 366 4528 certos
393 4466 464 4529 dies
492 4469 527 4530 et
557 4466 626 4532 loca
654 4468 702 4532 eis
731 4466 837 4553 majus
865 4468 1038 4532 accomoda
1067 4467 1153 4531 infra
1181 4469 1374 4532 comitatum
1396 4465 1584 4550 predictum
1613 4486 1670 4548 per
1700 4486 1756 4531 vos

262 4550 484 4636 assignandos,
498 4551 714 4640 Injungeutes
736 4556 858 4621 eisdem
882 4555 969 4641 quod
991 4559 1062 4620 tam
1084 4556 1256 4639 pecuniam
1285 4554 1447 4619 dictorum
1476 4551 1689 4617 subsidiorum
1715 4553 1756 4618 de

200 4701 205 4710 ,
262 4638 361 4702 dictis
385 4639 644 4707 inhabitantibus
668 4643 834 4708 domicilia
848 4643 1040 4708 tenentibus
1054 4643 1138 4707 inira
1153 4641 1333 4726 quamlibet
1348 4640 1532 4726 parochiam
1545 4642 1581 4705 in
1596 4642 1756 4706 comitatu

261 4725 418 4808 predicto,
448 4733 538 4792 extra
568 4729 716 4794 civitates
745 4735 780 4794 et
809 4730 925 4816 burgos
953 4725 1128 4815 predictos,
1163 4752 1201 4794 ac
1236 4730 1320 4794 inira
1355 4727 1533 4813 quamlibet
1570 4727 1756 4812 parochiam

262 4813 434 4878 civitatum
448 4820 484 4878 et
498 4814 672 4901 burgorum
687 4818 904 4900 predictorum
915 4819 950 4881 iu
962 4819 1077 4883 eodem
1087 4819 1258 4895 comitatu,
1268 4822 1307 4881 ut
1322 4817 1528 4902 premittitur
1537 4814 1757 4896 levandorum,

262 4920 360 4982 quam
384 4903 555 4984 pecuniam
578 4903 660 4967 dicti
684 4903 821 4969 subsidii
842 4906 1004 4970 dictorum
1027 4904 1196 4970 feodorum
1217 4905 1363 4968 militum
1387 4902 1428 4968 de
1444 4904 1588 4987 personis
1602 4904 1757 4988 predictis

261 4993 365 5050 terras
411 4993 446 5052 et
492 4994 682 5076 tenemento
727 4990 915 5076 hujusmodi
949 5014 1007 5077 per
1043 4995 1209 5078 integrum
1245 4992 1379 5057 feodum
1415 4991 1532 5056 militis
1568 4991 1756 5057 immediate

263 5073 462 5157 tenentibus,
490 5096 555 5139 una
578 5098 653 5141 cum
677 5081 757 5144 ratis
779 5080 944 5164 predictis,
965 5082 1110 5163 exceptis
1132 5080 1341 5164 preeaceptis,
1367 5083 1407 5143 ut
1421 5077 1590 5162 prefertur,
1604 5079 1757 5142 similiter

262 5160 393 5225 levandi
401 5160 499 5247 juxta
513 5162 652 5228 formam
666 5167 880 5232 concessionis
894 5173 928 5231 et
943 5168 1176 5253 assiguacionis
1191 5168 1407 5251 predictarum
1430 5185 1489 5250 per
1514 5164 1594 5229 duos
1613 5166 1665 5229 vel
1691 5170 1756 5228 tres

261 5245 303 5311 de
325 5248 464 5334 singulis
485 5249 645 5334 parochiis
667 5256 842 5318 comitatus
864 5254 1003 5333 predicti
1025 5275 1063 5318 ac
1088 5254 1259 5318 civitatum
1285 5259 1319 5318 et
1338 5254 1512 5338 burgomm
1538 5252 1755 5336 predictorum

261 5333 346 5401 infra
359 5337 497 5401 eundem
513 5339 706 5404 comitatum
720 5342 825 5425 magis
839 5341 1035 5406 sufficientes
1048 5343 1082 5404 in
1098 5341 1200 5404 forma
1215 5340 1360 5425 predicta
1373 5340 1498 5404 nemini
1518 5339 1554 5401 in
1579 5337 1639 5401 hac
1662 5339 1754 5420 parte

262 5424 418 5504 parcendo
441 5429 480 5488 ut
508 5425 693 5510 predictum
716 5433 767 5492 est
791 5428 902 5507 levari,
926 5433 961 5493 et
985 5428 1076 5492 vobis
1105 5427 1246 5505 liberari,
1275 5427 1398 5491 faciant
1425 5426 1573 5505 indilate,
1601 5421 1755 5504 Alioquin

262 5509 398 5577 eandem
413 5514 585 5597 pecuniam
600 5511 641 5578 de
656 5515 734 5599 ipsis
749 5513 849 5580 levari
863 5520 895 5579 et
907 5515 996 5580 vobis
1010 5516 1086 5579 inde
1101 5513 1283 5598 responderi
1297 5513 1419 5578 t'aoiaut
1433 5513 1469 5576 iu
1484 5513 1585 5577 forma
1598 5507 1755 5593 predicta.
