4117 6200
917 1163 1131 1294 &fistal

889 1482 986 1552 A.D.
1032 1481 1153 1552 1428.

820 1742 1216 1750 ——..—-....——-

247 1991 253 2002 ,
309 1929 486 2012 Inquieicio
502 1936 597 2013 capta
611 1931 698 2014 apud
713 1930 922 2011 BristoIIIam,
938 1932 990 1996 die
1007 1931 1138 1995 Sabbati
1161 1933 1305 2016 proximo
1328 1937 1402 2014 post
1424 1930 1545 1994 festum
1561 1932 1766 1996 Ascensionis

267 2017 410 2094 Domini,
425 2038 509 2080 anno
536 2020 627 2102 regni
651 2018 735 2103 regis
761 2019 895 2082 Henrici
922 2017 971 2102 vj²¹
997 2025 1068 2103 post
1101 2015 1344 2106 [conquestum]
1380 2019 1498 2102 Anglie
1529 2026 1628 2099 sexto,
1658 2040 1766 2082 coram

266 2103 408 2167 Waltero
447 2105 576 2181 Milton,
605 2107 738 2183 seniore,
767 2111 802 2169 et
839 2107 933 2170 sociis
972 2108 1050 2184 suis,
1079 2108 1328 2169 comissionariis
1368 2107 1492 2168 domini
1522 2108 1617 2191 regis,
1643 2109 1766 2170 virtute

266 2192 433 2254 literarum
458 2193 538 2254 dicti
561 2192 687 2255 domini
711 2195 812 2257 nostri
836 2195 920 2277 regis
946 2195 1131 2276 patencium
1158 2193 1280 2256 eisdem
1297 2194 1503 2272 directarum,
1519 2195 1560 2256 ed
1578 2195 1765 2273 levandum,

267 2279 482 2362 coligendum,
509 2285 543 2342 et
571 2281 792 2362 recipiendum
822 2282 907 2344 inira
937 2282 1047 2344 villam
1085 2281 1275 2364 predictam,
1314 2285 1347 2344 et
1385 2281 1573 2344 suburbium
1611 2280 1767 2365 ejusdem,

267 2367 427 2449 quoddam
456 2366 635 2430 subsidium
665 2368 752 2431 dicto
782 2369 913 2431 domino
942 2374 1050 2432 nostro
1080 2369 1148 2451 regi
1185 2369 1225 2430 ad
1264 2367 1516 2450 parliamentum
1554 2389 1650 2431 suum
1681 2371 1767 2452 apud

269 2453 591 2516 Westmonasterium
627 2457 662 2518 in
698 2456 862 2538 quindena
900 2454 1012 2519 Sancti
1053 2453 1222 2518 Michaelis
1269 2454 1386 2517 ultima
1432 2457 1589 2536 preterita
1637 2461 1766 2518 tentum

268 2560 464 2619 concessum,
489 2563 549 2624 per
575 2548 810 2605 sacramentum
840 2542 981 2605 Galiridi
1011 2543 1241 2625 Lymeburner,
1273 2540 1430 2604 Johannis
1463 2541 1604 2624 Bowyer,
1638 2543 1767 2606 Ricardi

269 2626 405 2705 Colerer,
430 2627 588 2692 Jobannis
612 2629 806 2712 Obapeleyn,
832 2630 961 2693 Ricardi
984 2632 1090 2708 Arves,
1109 2629 1284 2692 Clementis
1301 2629 1415 2712 Bagot,
1434 2627 1552 2710 Rogeri
1573 2629 1768 2711 Welyschot‚

272 2715 424 2777 Willelmi
451 2717 554 2795 More,
572 2717 706 2778 Walteri
734 2715 903 2796 Sherman‚
929 2716 1088 2780 Iohannis
1115 2716 1250 2798 Gybbis,
1277 2715 1437 2779 Iohannis
1464 2717 1591 2799 Troyte,
1618 2716 1768 2781 Nicholai

269 2801 402 2883 Myndo,
412 2803 610 2885 juratorum,
624 2804 681 2883 qui
697 2805 812 2867 dicunt
827 2825 925 2888 super
940 2808 1176 2866 sacramentum
1191 2823 1296 2881 suum,
1314 2802 1397 2886 quod
1410 2825 1463 2864 :-

314 2939 456 3003 Ecclesia
480 2941 670 3023 parochialis
696 2941 814 3008 Senem
840 2943 1035 3019 Aucussms,
1064 2943 1099 3003 in
1129 2940 1277 3004 suburbis
1310 2941 1385 3004 ville
1414 2941 1570 3023 predicte,
1596 2942 1683 3005 valet
1713 2963 1771 3025 per

268 3047 512 3178 fflffi'lffle
527 3028 567 3090 ad
583 3049 791 3113 suppremum
807 3034 841 3092 et
857 3030 1036 3092 maximum
1051 3028 1190 3091 valorem
1205 3028 1233 3113 ej
1240 3028 1351 3091 undem
1366 3028 1509 3107 ecclesie,
1524 3034 1661 3113 quatuor
1673 3029 1770 3094 libras

313 3253 399 3315 Item
426 3251 551 3333 dicunt,
573 3255 659 3337 quod
683 3253 820 3316 ecclesia
847 3252 1037 3336 parochialis
1070 3252 1189 3319 Ssuoss
1220 3253 1418 3331 lllrossnnnrs,
1450 3254 1485 3316 in
1516 3253 1667 3317 suburbio
1694 3256 1769 3319 ville

272 3340 425 3423 predicte,
441 3341 526 3403 valet
553 3362 608 3424 per
633 3362 756 3403 annum
782 3341 950 3424 usquead
977 3359 1186 3423 suppremum
1213 3348 1245 3402 et
1275 3342 1453 3403 maximum
1470 3343 1609 3405 valorem
1625 3342 1770 3425 ejusdem

271 3428 414 3505 ecclesie,
428 3449 459 3491 x.
476 3429 585 3505 libras,
600 3433 635 3490 et
650 3448 714 3491 non
731 3427 825 3492 ultra.

315 3565 399 3627 Item
414 3566 539 3644 dicunt,
554 3565 639 3648 quod
654 3566 789 3629 ecclesia
802 3564 996 3649 parochialis
1014 3566 1132 3632 Senem
1149 3566 1344 3643 Lsuaencn,
1363 3566 1447 3628 infra
1460 3565 1570 3629 villam
1583 3568 1771 3650 predictam,

270 3652 357 3714 valet
371 3673 427 3734 per
441 3674 573 3732 annum,
589 3674 689 3737 usque
703 3654 744 3716 ad
760 3673 972 3737 suppremum
987 3660 1021 3717 et
1036 3655 1216 3717 maximum
1234 3654 1374 3716 valorem
1391 3654 1537 3736 ejusdem
1554 3655 1698 3732 ecclesie,
1717 3676 1770 3717 sex

272 3739 379 3815 librae,
395 3744 429 3801 et
444 3760 509 3803 non
525 3741 621 3804 ultra.

317 3877 401 3940 Item
417 3878 542 3957 dicunt,
558 3878 643 3961 quod
657 3878 792 3941 ecclesia
807 3877 997 3961 parochialis
1015 3877 1133 3944 Senem
1149 3877 1169 3941 J
1171 3896 1323 3955 casurus,
1341 3875 1426 3940 infra
1442 3876 1554 3940 villam
1580 3878 1769 3960 predictam,

273 3965 358 4028 valet
372 3984 429 4045 per
443 3986 576 4043 annum,
592 3986 692 4047 usque
708 3966 749 4027 ad
765 3985 975 4050 suppremum
990 3970 1025 4026 et
1041 3964 1221 4025 maxlmum
1236 3964 1377 4026 valorem
1392 3963 1537 4046 ejusdem
1552 3966 1696 4045 ecclesie,
1713 3966 1769 4050 xij.

272 4052 383 4131 libras,
398 4060 432 4115 et
447 4072 512 4115 non
527 4056 624 4117 ultra.

316 4192 402 4254 Item
417 4193 543 4272 dicunt,
559 4191 642 4274 quod
659 4190 794 4253 ecclesia
808 4188 999 4272 parochialis
1017 4187 1136 4253 Senem
1152 4187 1335 4265 beonnam,
1352 4188 1438 4250 infra
1453 4189 1564 4251 villam
1578 4190 1772 4273 predictam,

273 4279 357 4341 valet
373 4299 578 4361 perannum,
595 4278 750 4359 usquead
766 4293 975 4358 suppremum
990 4282 1025 4336 et
1042 4274 1220 4335 maximum
1236 4273 1377 4336 valorem
1394 4275 1538 4358 ejusdem
1564 4278 1710 4352 ecclesie,
1726 4279 1769 4361 vj.

272 4366 367 4428 libras
382 4367 452 4448 xiij.
466 4386 492 4430 s.
511 4365 572 4447 iiij.
584 4365 617 4428 cl.
635 4372 669 4427 et
684 4384 748 4425 non
764 4364 861 4426 ultra.

316 4505 401 4567 Item
415 4504 541 4582 dicunt,
558 4504 644 4585 quod
660 4501 795 4565 ecclesia
810 4498 1000 4583 parochialis
1017 4498 1135 4563 Ssncsr
1154 4496 1330 4577 sensnm,
1349 4499 1431 4561 infra
1446 4498 1557 4562 villam
1579 4500 1770 4582 predictam,

273 4591 359 4654 valet
373 4611 431 4673 per
445 4610 578 4665 annum,
592 4610 693 4672 usque
709 4589 751 4651 ad
767 4606 978 4670 suppremum
993 4592 1027 4648 et
1044 4586 1223 4647 maximum
1239 4585 1377 4648 valorem
1393 4585 1537 4667 ejusdem
1559 4587 1704 4664 ecclesie,
1718 4609 1770 4653 xx.

273 4677 382 4754 libras,
399 4683 433 4740 et
446 4697 510 4739 non
526 4678 622 4740 ultra.

317 4814 403 4876 Item
430 4814 556 4891 dicunt,
580 4814 666 4898 quod
692 4814 784 4875 nulla
810 4832 943 4896 persona
969 4816 1060 4874 tenet
1092 4831 1147 4893 per
1177 4809 1309 4873 feodum
1340 4810 1457 4873 militis
1488 4812 1572 4874 infra
1598 4812 1709 4875 villam
1740 4818 1772 4877 et

271 4902 461 4965 suburbium
476 4901 669 4983 predictum,
684 4922 741 4963 nec
758 4921 814 4984 per
829 4901 970 4982 aliquam
987 4897 1160 4982 parcellam
1176 4898 1314 4981 alicujus
1331 4899 1415 4961 leodi
1432 4898 1558 4963 militis.

315 5041 355 5104 In
370 5040 461 5123 cujus
478 5040 522 5102 rei
536 5039 760 5103 testimonium
776 5038 978 5122 presentibus
988 5037 1152 5119 Juratores
1168 5036 1304 5118 predicti
1320 5036 1428 5119 sigilla
1443 5057 1500 5099 sua
1516 5042 1746 5120 apposuerunt.
1832 5038 1837 5047 ’

317 5179 438 5243 Datum
452 5179 538 5262 apud
555 5177 754 5241 Bristolliam
769 5176 821 5240 die
836 5180 871 5239 et
884 5195 969 5238 anno
984 5174 1190 5257 supradictis.
