4117 6200
928 623 1025 711 [nn.
1060 620 1171 711 loon]
1720 628 1782 692 245

321 908 370 973 De
393 908 536 974 Roberto
566 911 727 975 Barlaetro
757 933 814 995 pro
844 913 890 977 di.
917 912 942 978 f.
969 934 1013 978 m.
1039 914 1074 976 in
1104 913 1216 977 eedem
1246 914 1334 978 ville.
1387 912 1507 999 [Tenet
1536 916 1576 978 de
1608 915 1780 978 Edmundo

280 994 461 1083 Rodbergh,
476 1002 511 1061 et
525 999 613 1061 idem
630 1000 820 1064 Edmundns
836 1005 924 1064 tenet
939 1000 978 1063 de
994 1000 1126 1063 domine
1140 1001 1172 1064 ln
1188 999 1338 1085 Spencer‚
1352 1000 1482 1087 added]

323 1132 371 1197 De
393 1132 533 1197 Matilda
547 1134 681 1198 Mneerd
705 1156 762 1220 pro
788 1136 832 1200 di.
850 1135 873 1202 f.
890 1158 936 1201 m.
952 1138 988 1200 in
1017 1137 1189 1205 someron
1215 1138 1366 1204 Mosrno.
1419 1136 1538 1225 [Tenet
1564 1139 1604 1202 de
1631 1158 1718 1222 rege,
1747 1142 1782 1201 et

279 1221 446 1284 comitissa
459 1221 499 1285 de
514 1222 641 1286 Knncic
656 1225 758 1303 tenet,
775 1222 905 1309 adstet]

323 1358 372 1422 De
387 1358 559 1422 Edmundo
573 1359 614 1423 de
633 1359 796 1445 Langeley
810 1381 870 1443 pro
889 1362 988 1424 tercia
1009 1366 1102 1445 porte
1125 1380 1181 1425 nn.
1197 1360 1221 1425 f.
1238 1382 1282 1425 m.
1300 1362 1333 1424 in
1352 1361 1552 1428 Cosrnnron.
1605 1360 1725 1447 [Tenet
1739 1362 1780 1425 de

279 1445 361 1508 duce
376 1445 582 1536 Lenkestrie,
596 1447 748 1511 videlicet
763 1446 784 1510 J
785 1448 927 1512 ohannes
946 1447 1130 1527 Costerton,
1145 1446 1275 1533 odelmi]

323 1581 371 1646 De
388 1583 529 1648 Waltero
543 1584 583 1647 de
599 1582 820 1663 Chiltenham‚
834 1589 868 1648 et
882 1587 1078 1669 parceneriis
1096 1587 1175 1663 suis,
1196 1606 1254 1670 pro
1269 1586 1314 1649 di.
1331 1585 1354 1651 f.
1371 1607 1416 1649 m.
1432 1586 1469 1648 in
1486 1586 1670 1652 Uononem
1716 1636 1723 1651 .
1773 1636 1780 1650 .

281 1718 288 1734 .
335 1718 343 1733 .
391 1670 458 1736 ,le.
510 1669 629 1758 [Tenet
643 1673 684 1736 de
699 1693 786 1758 rege,
802 1671 933 1759 adstet]

323 1807 370 1871 De
384 1807 548 1871 Willelmo
573 1807 681 1888 Cevel,
702 1813 737 1872 et
761 1811 954 1893 percennriis
980 1810 1058 1889 onis,
1081 1830 1138 1893 pro
1165 1810 1289 1873 decima
1315 1814 1406 1892 parte
1429 1828 1485 1874 un.
1510 1810 1532 1875 f.
1550 1831 1593 1875 m.
1611 1811 1646 1873 in
1666 1811 1781 1873 eedem

280 1893 367 1959 villa.
419 1892 601 1981 [iohannes
617 1896 805 1961 Honiborne
822 1902 914 1961 tenet
930 1897 970 1961 de
984 1898 1104 1961 comite
1120 1896 1303 1973 Steffordie,
1318 1894 1448 1981 celfled]

322 2032 370 2096 Do
384 2030 533 2097 Johcnne
548 2034 687 2118 Mnreye,
702 2034 852 2099 Johenne
866 2036 907 2099 de
930 2034 1147 2119 Compedene,
1161 2039 1196 2099 et
1217 2034 1366 2099 Johanne
1392 2034 1432 2097 de
1459 2034 1612 2098 Evishem
1639 2054 1696 2117 pro
1714 2032 1741 2117 j.
1759 2033 1784 2097 f.

279 2140 323 2184 m.
338 2120 375 2182 in
390 2120 503 2184 eedem
519 2120 605 2186 villa.
658 2120 776 2208 [Tenet
791 2122 831 2187 de
845 2122 977 2186 domino
993 2123 1065 2188 de.
1114 2173 1121 2187 .
1170 2173 1177 2187 .
1226 2172 1233 2187 .
1282 2171 1302 2201 .,
1319 2120 1450 2207 addet]

322 2256 372 2321 De
386 2257 533 2322 Johanne
548 2243 670 2323 Pulton
686 2264 721 2323 ct
736 2263 930 2344 porcenariie
953 2262 1019 2324 snio
1041 2281 1098 2344 pro
1120 2264 1237 2343 quarte
1258 2264 1351 2344 porte
1376 2260 1400 2343 j.
1416 2258 1439 2325 f.
1457 2280 1501 2324 m.
1517 2260 1553 2321 in
1576 2259 1728 2326 Aaronom
1749 2272 1784 2323 et

281 2344 352 2411 Uen
367 2345 520 2412 Annum.
572 2344 690 2433 [Tenet
705 2348 746 2411 de
760 2349 879 2412 comite
895 2348 1098 2426 Herefordie,
1115 2345 1245 2432 addet]

282 2568 299 2631 f
323 2481 372 2632 Ige
397 2483 538 2656 {ciffi
561 2485 602 2548 de
630 2485 816 2549 Harunhull
843 2505 901 2569 pro
924 2484 951 2569 j.
968 2488 992 2551 f.
1009 2506 1054 2551 m.
1071 2486 1107 2548 in
1123 2486 1324 2552 Hronnonn.
1375 2482 1496 2571 [Tenet
1511 2483 1552 2546 de
1568 2483 1687 2547 comite
1703 2483 1783 2546 Her-

295 2588 330 2631 or
353 2590 393 2649 re,
473 2595 488 2635 e
513 2620 521 2635 .

280 2704 381 2872 tDi,
395 2706 544 2881 [ffimffie
570 2710 612 2771 de
640 2707 758 2793 valeys
784 2730 842 2793 pro
862 2710 892 2793 j.
909 2709 933 2774 f.
949 2731 994 2774 m.
1018 2711 1054 2773 in
1079 2710 1194 2776 Coros.
1262 2706 1420 2796 [Tenetur
1442 2708 1482 2772 de
1505 2728 1591 2793 rege.
1637 2707 1689 2771 W.
1714 2708 1784 2793 Rye

295 2812 353 2858 ene
464 2819 511 2859 ec.

323 2930 371 2994 De
387 2932 460 2995 Elia
476 2930 625 2999 Golrerell
639 2952 697 3015 pro
713 2934 758 2998 di.
776 2932 799 2998 f.
816 2955 860 2999 m.
877 2935 911 2997 in
927 2934 1041 2997 eadem
1058 2935 1146 3000 villa.
1199 2932 1355 3022 [Tenetur
1370 2932 1410 2997 de
1427 2932 1583 2995 Mauricio
1602 2930 1736 3009 Rossell,
1750 2937 1784 2995 ei

282 3015 351 3102 ipee
366 3018 407 3082 de
422 3039 511 3105 rege,
527 3016 658 3105 addet]

324 3156 373 3220 Dc
396 3157 541 3220 Waltero
555 3158 596 3221 de
611 3157 807 3236 Lillebroke‚
822 3179 880 3242 pro
895 3161 1012 3242 quinte
1026 3163 1118 3242 perte
1133 3180 1190 3224 un.
1208 3160 1231 3224 f.
1248 3181 1293 3224 m.
1309 3160 1344 3222 in
1357 3159 1469 3222 eadem
1485 3158 1573 3223 ville.
1626 3154 1785 3243 [Tenetur

280 3242 320 3306 de
333 3241 457 3308 Thome
471 3245 512 3309 de
526 3245 558 3308 le
572 3245 621 3322 M(
628 3266 683 3308 ere
694 3244 738 3331 i),
752 3243 883 3331 aridem]

324 3380 371 3444 De
388 3381 550 3445 Willelmo
565 3383 606 3445 de
623 3381 689 3445 Bea
705 3403 761 3465 pro
776 3387 892 3466 quarte
907 3386 1001 3466 parte
1016 3381 1040 3464 j.
1057 3383 1080 3448 f.
1098 3403 1142 3449 m.
1159 3383 1194 3446 in
1221 3383 1462 3449 Donoosoonnn
1487 3381 1611 3447 Hom.
1664 3379 1784 3469 [Tenet

175 3463 178 3468 ’
281 3468 321 3532 de
336 3468 522 3549 Heweeton,
539 3490 602 3553 que
618 3474 750 3533 tenetur
765 3471 804 3533 de
820 3490 908 3553 rege,
923 3467 1055 3556 added]

324 3604 372 3668 De
388 3605 534 3670 Johonne
548 3606 580 3669 le
595 3608 682 3668 Rous
697 3628 753 3689 pro
769 3607 813 3672 di.
830 3606 854 3672 f.
868 3629 911 3670 m.
931 3609 966 3670 in
984 3608 1226 3672 Donrnsnoonn
1241 3607 1346 3672 Roon.
1391 3603 1437 3692 [N
1439 3626 1502 3669 uno
1514 3609 1607 3668 tenet
1619 3605 1785 3671 Galfridus

282 3690 379 3755 Bluet
394 3693 433 3755 de
449 3692 573 3756 Thema
588 3693 705 3772 Mulie,
721 3694 839 3776 etipse
855 3692 986 3781 her[es]
1010 3695 1050 3758 de
1065 3694 1202 3778 Paynes‚
1218 3690 1348 3779 aritini]
1381 3711 1388 3725 ·

325 3829 372 3892 De
386 3831 524 3892 Ricardo
539 3831 578 3893 de
595 3831 763 3913 Hampton
778 3852 835 3913 pro
846 3831 874 3912 j.
891 3832 915 3896 f.
932 3853 976 3897 m.
992 3834 1026 3895 in
1054 3832 1231 3900 Snnnrron.
1284 3827 1401 3916 [Tenet
1414 3831 1453 3892 de
1469 3831 1588 3894 comite
1605 3830 1784 3910 Herfordie‚

282 3917 348 3979 sive
362 3917 498 3981 ducibus
514 3918 713 3995 Laneastrie,
728 3920 830 3983 added
833 3917 857 4004 ]

324 4053 371 4117 De
386 4053 521 4118 Ricardo
537 4055 577 4119 de
595 4055 768 4136 Begendcn
786 4077 842 4140 pro
858 4049 1038 4120 medietate
1050 4063 1085 4120 et
1096 4055 1288 4120 duodecime
1301 4060 1391 4138 perte
1402 4054 1430 4137 j.
1440 4055 1463 4119 f.
1481 4075 1525 4120 m.
1542 4057 1577 4117 in
1589 4055 1784 4119 Bionnonrr.

288 4137 405 4226 [Tenet
420 4142 461 4204 de
476 4141 623 4205 Johanne
640 4144 822 4222 creandos,
838 4141 968 4231 added]

325 4277 373 4340 De
395 4278 537 4343 Roberto
559 4280 599 4342 de
621 4278 794 4362 Penynton
822 4301 878 4362 pro
898 4279 927 4362 j.
951 4280 974 4344 s.
997 4303 1042 4345 m.
1067 4281 1103 4342 in
1127 4280 1340 4344 Beonrnron.
1393 4274 1513 4363 [Tenet
1543 4279 1582 4340 de
1613 4278 1784 4341 Edmundo

283 4363 405 4444 Baseet,
420 4369 453 4429 et
468 4365 537 4451 ipse
552 4367 591 4429 de
606 4369 725 4430 comite
742 4365 914 4431 Stnffordie
929 4368 997 4431 eive
1013 4368 1055 4431 de
1073 4368 1215 4446 (comite)
1235 4365 1419 4443 Herfordie‚
1437 4362 1566 4450 added]

324 4502 371 4565 De
397 4504 503 4586 priore
517 4503 760 4586 Hospitalitalie
779 4507 846 4583 (cic)
865 4503 978 4567 Sancti
993 4504 1153 4568 Johennis
1168 4505 1207 4567 de
1224 4502 1433 4580 Leechelade,
1449 4522 1506 4584 pro
1524 4505 1639 4585 quarta
1654 4505 1743 4583 porte
1755 4502 1783 4585 j.

282 4589 306 4656 f.
322 4611 367 4654 m.
384 4591 418 4652 in
434 4592 646 4657 Bnuornror.
698 4588 817 4678 [Tenet
832 4594 874 4655 de
889 4593 1011 4656 comite
1027 4591 1231 4668 Herefordie,
1247 4586 1375 4676 added]

325 4727 374 4790 De
386 4728 491 4792 Alicio
503 4728 631 4813 Helyon
646 4750 704 4813 pro
718 4729 795 4814 ffijn
809 4737 900 4814 parte
916 4751 970 4795 un.
983 4730 1006 4793 f.
1018 4750 1063 4796 m.
1078 4730 1114 4792 in
1131 4731 1361 4796 Nonnnnoonn.
1412 4725 1531 4814 [Tenet
1545 4728 1585 4789 de
1601 4725 1784 4811 Rodbergb,

282 4818 316 4877 et
331 4815 399 4899 ipse
414 4814 453 4879 de
467 4816 599 4880 domine
613 4816 644 4880 le
660 4817 812 4902 Spenoer,
828 4815 959 4904 acideo]

752 5007 973 5073 Hononnoon
996 5028 1040 5073 on
1064 5005 1317 5073 BRADELEY.

323 5142 371 5206 De
394 5142 499 5206 Adam
525 5142 644 5207 Martel
670 5165 726 5225 pro
749 5145 794 5209 di.
821 5146 845 5209 f.
868 5167 912 5209 m.
935 5147 970 5208 in
1000 5146 1190 5212 Sroownnn.
1242 5141 1400 5231 [Tenetur
1426 5141 1490 5220 (de)
1515 5159 1599 5224 rege.
1643 5137 1784 5203 Jacobus

283 5229 417 5297 clifford
431 5235 535 5300 tenet.
554 5228 683 5318 added]

320 5368 369 5432 De
386 5369 550 5433 Willelmo
566 5370 607 5433 de
622 5368 729 5432 Solers
766 5390 802 5432 ro
816 5368 840 5454 j.
856 5369 879 5435 f.
897 5390 941 5434 m.
957 5369 993 5432 in
1019 5369 1194 5436 Sonrroon.
1245 5365 1364 5454 [Tenet
1389 5364 1430 5428 de
1454 5363 1571 5426 comite
1599 5363 1784 5430 Hersordie.

278 5451 380 5539 Dicit,
396 5458 484 5542 quod
502 5461 592 5521 tenet
607 5458 647 5520 de
663 5391 765 5541 τομῇ
