4117 6200
933 669 1016 736 A.D.
1041 671 1138 737 1431.
1718 674 1782 738 365

320 959 509 1025 Elizrbetha
533 957 695 1042 Hamelyn
722 958 763 1022 de
786 957 1044 1042 Wynterbonrne
1074 957 1187 1037 Stoke,
1215 957 1257 1023 de
1287 959 1446 1026 comitata
1477 959 1607 1040 Wiltee,
1637 960 1779 1042 widone,

277 1053 452 1202 {pppgippn
446 1046 616 1202 dlemlibserp1
618 1051 815 1202 tenemento,
840 1048 1022 1112 manerium
1046 1046 1087 1113 de
1113 1045 1352 1126 Omnracoarm,
1377 1067 1452 1111 cum
1478 1047 1706 1132 pertinenciis,
1728 1068 1784 1132 per

322 1271 367 1338 Et
397 1272 514 1337 dicunt
543 1270 678 1336 ulterius
709 1269 868 1356 juratores
901 1269 1052 1355 predicti,
1080 1269 1166 1356 qnod
1203 1291 1315 1336 omnes
1348 1291 1483 1355 persone
1514 1268 1699 1356 supradicte
1727 1271 1781 1335 die

277 1359 412 1425 Veneria
425 1358 571 1445 proximo
585 1363 663 1424 ente
677 1357 799 1424 festum
814 1358 927 1423 Sancti
943 1357 1077 1423 Hillarii
1096 1379 1182 1423 anno
1206 1360 1299 1442 regni
1322 1359 1405 1423 dicti
1431 1359 1558 1423 domini
1577 1359 1670 1444 'regie
1695 1378 1783 1422 nnnc

276 1447 539 1526 nono,videlicet
561 1447 665 1531 primo
690 1446 742 1511 die
764 1445 876 1510 ultimi
902 1446 1124 1530 parliamenti,
1146 1446 1252 1510 eeieiti
1276 1447 1409 1510 fuerunt
1434 1446 1470 1510 in
1491 1446 1590 1511 dictis
1613 1447 1779 1525 maneriis,

278 1537 383 1614 terrie,
404 1534 603 1600 tenementis
626 1537 662 1599 et
684 1532 878 1612 redditibus,
900 1533 935 1598 in
960 1533 1123 1608 dominico
1149 1553 1217 1614 euo,
1241 1537 1280 1597 nt
1303 1533 1344 1598 de
1369 1533 1473 1598 libero
1495 1538 1693 1598 tenemento.
1739 1533 1779 1596 In

278 1621 370 1708 cujus
394 1622 444 1686 rei
465 1621 690 1686 testimonium
713 1625 782 1686 tam
807 1618 946 1705 predicti
971 1620 1206 1687 comieeionarii
1231 1641 1330 1706 qnam
1360 1622 1480 1704 prefati
1505 1620 1667 1706 juratores
1699 1618 1776 1685 huic

279 1709 485 1795 inquisicioni
499 1709 608 1794 sigilla
624 1727 682 1774 aua
697 1711 929 1794 apposuerunt.

322 1843 446 1912 Datum
460 1845 542 1928 loco,
557 1845 613 1913 die
627 1849 662 1912 et
676 1864 762 1911 enno
777 1843 986 1932 supradictis.

845 2193 1028 2286 [nicona
1049 2193 1225 2285 vaona]

323 2335 500 2423 Inqnieicio
523 2333 808 2421 apud-Neweport
829 2335 866 2399 in
893 2334 1005 2399 Insula
1019 2334 1131 2414 Vecta,
1145 2354 1254 2400 coram
1276 2333 1425 2401 Jchanne
1443 2335 1598 2418 Uvedale,
1614 2335 1782 2403 Wiilelmo

280 2423 409 2503 Brocas,
438 2423 580 2489 Roberto
610 2423 760 2509 Dyngley
789 2426 824 2488 et
852 2420 1002 2487 Johanne
1032 2421 1148 2500 Rokle,
1176 2422 1230 2487 die
1260 2421 1352 2487 Jovie
1381 2424 1528 2508 proximo
1552 2428 1631 2488 ente
1659 2423 1781 2490 saetam

280 2511 462 2598 Epiphanio
476 2511 621 2592 Domini,
636 2531 721 2576 anno
735 2509 826 2597 regni
841 2510 926 2594 regie
944 2509 1082 2574 Henrici
1108 2508 1190 2575 sexti
1215 2508 1354 2587 decimo,
1380 2512 1502 2574 virtute
1526 2516 1562 2576 et
1584 2513 1783 2577 auctoritate

281 2599 485 2684 quarendum
519 2599 705 2663 litterarum
738 2597 926 2682 patencium
963 2596 1089 2661 domini
1125 2597 1210 2682 regie
1246 2597 1382 2681 prefatis
1411 2596 1567 2680 Johanni,
1605 2598 1782 2681 Willelmo,

282 2685 431 2768 Roberto,
453 2691 489 2750 et
510 2683 653 2751 Johanni
676 2684 782 2750 Rokle
810 2683 951 2764 directis,
980 2704 1038 2768 per
1067 2689 1305 2749 sacramentnm
1333 2684 1393 2770 xij.
1422 2684 1578 2772 legalium
1611 2685 1783 2751 hominnm

285 2774 397 2838 Inenle
419 2773 574 2858 predicte,
590 2771 755 2852 videlicet,
780 2793 837 2858 per
861 2777 1100 2837 recrementum
1125 2771 1286 2836 Lodcwici
1310 2771 1441 2851 Mewee,
1469 2772 1627 2838 Johannie
1658 2773 1783 2852 Haket,

283 2859 406 2925 'I'home
420 2861 512 2946 Lyle,
526 2860 684 2926 Johannie
700 2859 840 2940 Hawele,
856 2859 877 2925 J
880 2857 1019 2925 ohannis
1034 2858 1143 2939 staur,
1157 2857 1316 2924 Johannie
1330 2857 1467 2944 chhet,
1488 2859 1629 2925 Galiridi
1651 2861 1787 2941 Gerard,

282 2947 440 3013 Willelmi
467 2946 643 3034 Burgham,
668 2947 825 3012 Willelmi
856 2944 1003 3026 Colman,
1032 2946 1192 3012 Johennie
1222 2947 1325 3032 Payn,
1354 2945 1514 3012 Johannie
1543 2947 1722 3032 Erleeman,
1749 2957 1783 3014 et

281 3035 303 3101 J
304 3036 440 3102 ohannis
454 3035 580 3189 Igeden,
593 3036 651 3123 qui
659 3033 765 3121 jurati
778 3039 813 3101 et
827 3035 954 3100 onerati
968 3054 1025 3119 pro
1040 3034 1172 3099 domino
1187 3054 1265 3120 rege
1286 3034 1401 3101 dicunt
1429 3056 1524 3123 cuper
1546 3042 1783 3104 sacramentum

284 3144 461 3211 suamquc
494 3148 549 3191 r-
964 3140 968 3151 ·

324 3260 488 3329 Johennea
503 3260 597 3347 Lyele
612 3259 653 3325 de
667 3258 843 3345 Wodyton,
856 3258 1007 3345 armiger,
1024 3258 1154 3324 eeieitue
1168 3259 1247 3338 fnit,
1261 3265 1301 3325 ut
1315 3258 1357 3324 de
1379 3259 1481 3325 libero
1504 3265 1705 3344 tenemento,
1730 3263 1784 3329 die

283 3349 415 3415 Veneria
428 3350 574 3435 proximo
587 3352 665 3413 ante
680 3348 801 3412 festum
816 3346 928 3412 Sancti
943 3346 1087 3426 Hillarii,
1102 3366 1188 3411 anno
1202 3349 1295 3432 regni
1310 3348 1398 3433 regie
1421 3348 1558 3414 Henrici
1580 3353 1664 3416 sexti
1685 3371 1783 3433 nono,

283 3437 323 3503 de
337 3438 412 3521 viij·
426 3442 518 3523 parte
533 3438 559 3505 i.
573 3456 619 3501 m,
634 3436 670 3501 in
683 3435 852 3507 chrrort
866 3434 903 3499 in
915 3434 1005 3498 dicta
1019 3433 1141 3501 incula.

326 3574 420 3641 Idem
440 3574 606 3640 Johannee
624 3576 658 3639 et
672 3572 837 3640 Jchennee
851 3572 973 3638 Roucle
986 3560 1028 3637 de
1044 3570 1187 3651 Bronke,
1200 3572 1398 3659 gentilman,
1416 3572 1521 3640 aeiaiti
1535 3573 1679 3658 inerunt,
1696 3577 1785 3642 dicto

282 3663 336 3730 die
350 3662 496 3741 Veneria,
510 3666 549 3727 nt
562 3661 605 3728 de
618 3660 722 3727 libero
735 3663 936 3742 tenemento,
953 3660 992 3725 de
1007 3660 1053 3726 di.
1069 3659 1093 3724 f.
1110 3680 1156 3725 m.
1171 3661 1207 3724 in
1221 3661 1550 3743 inconnumerati
1565 3663 1654 3729 dicta
1670 3664 1787 3731 insula.

325 3798 467 3864 Domina
480 3796 670 3864 Elizabetha
683 3796 724 3862 de
739 3796 833 3881 Lyele
844 3795 885 3861 de
895 3796 1123 3876 Thmkleeton,
1128 3799 1163 3862 in
1173 3798 1333 3863 comitatu
1347 3797 1738 3885 Suthampton',wedowe,
1751 3808 1786 3867 et

283 3886 445 3954 Johannea
459 3885 551 3971 Payn
565 3885 607 3952 de
622 3883 803 3964 Chelerton,
813 3885 945 3964 fermor,
959 3885 1066 3951 eeieiti
1081 3885 1225 3964 fuerunt,
1240 3886 1281 3950 de
1295 3885 1398 3951 libero
1412 3891 1611 3969 tenemento,
1626 3889 1716 3954 dicto
1731 3890 1785 3955 die

283 3974 426 4057 Veneria,
441 3973 482 4039 de
497 3974 541 4039 di.
557 3972 580 4038 f.
595 3994 640 4043 m.
654 3974 689 4038 in
706 3973 909 4042 Oannnarca
923 3972 1081 4057 predicta,
1098 3972 1134 4037 in
1149 3972 1238 4037 diota
1252 3973 1371 4041 incula.

327 4112 512 4199 Margana
533 4110 629 4194 Lyele
652 4108 694 4175 de
718 4108 839 4195 Ohuyt,
865 4110 902 4173 in
926 4108 1016 4174 dicto
1043 4109 1215 4192 comitatu,
1238 4107 1605 4188 wedowe,et'1'homaa
1632 4112 1721 4197 Lege
1744 4112 1785 4178 de

283 4200 464 4279 Shorevell,
479 4217 609 4283 yeman,
622 4197 727 4262 eeieiti
749 4196 893 4277 inerunt,
912 4200 949 4259 ut
965 4195 1005 4260 de
1034 4196 1137 4260 libero
1165 4201 1364 4279 tenemento,
1381 4197 1470 4263 dicto
1498 4198 1553 4263 die
1579 4198 1782 4281 Veneriano

284 4287 331 4363 di,
346 4287 371 4352 f.
385 4306 430 4353 m.
444 4286 482 4351 in
499 4284 717 4363 Snonnwnnn,
731 4284 766 4348 in
780 4283 871 4348 dicta
888 4282 1006 4351 insula.

328 4421 493 4489 Galfridne
506 4420 627 4487 Borard
641 4421 682 4486 de
698 4419 895 4506 Shentlyng,
911 4419 1106 4505 gentilman,
1121 4419 1252 4484 reicitur
1266 4419 1343 4498 fuit,
1357 4424 1395 4484 ut
1409 4419 1449 4485 de
1463 4420 1564 4485 libero
1589 4427 1787 4505 tenemento,

282 4511 371 4577 dioto
384 4510 439 4576 die
452 4510 598 4590 Venerio,
612 4507 714 4577 dedi.
730 4507 754 4576 f.
771 4528 817 4575 m
831 4508 869 4572 in
889 4505 1092 4577 §anamma
1106 4510 1141 4573 et
1159 4507 1363 4589 Hcrnwarn,
1379 4509 1415 4572 in
1429 4508 1519 4573 dicta
1532 4510 1650 4575 insula.

300 4640 307 4654 “
326 4645 484 4711 Rioardue
497 4642 656 4730 corderay
670 4644 712 4710 de
726 4642 835 4724 Reae,
848 4643 982 4724 fermor,
998 4643 1130 4708 aeiritne
1144 4642 1221 4724 fuit,
1235 4648 1275 4709 nt
1295 4642 1337 4709 de
1359 4644 1461 4709 libero
1483 4649 1682 4730 tenemento,
1698 4647 1786 4713 dicto

283 4734 338 4800 die
351 4733 497 4817 Veneris,
513 4729 590 4821 iiij··
601 4738 695 4820 parte
705 4731 733 4819 j.
748 4732 773 4800 f.
789 4751 836 4801 m.
852 4731 889 4796 in
907 4732 1022 4813 Rnwn,
1035 4732 1072 4795 in
1088 4731 1177 4796 diota
1190 4731 1309 4797 incula.

326 4871 511 4938 Willelmue
525 4870 685 4938 Jakeman
700 4869 741 4935 de
757 4867 977 4950 Boncherche,
990 4868 1261 4949 fermor,eeieitue
1275 4869 1353 4950 init,
1362 4875 1400 4935 nt
1416 4871 1572 4937 delibero
1587 4875 1787 4953 tenemento,

324 5096 491 5164 Johannea
513 5094 626 5161 Haket
649 5095 690 5160 de
706 5093 904 5175 Middelton,
921 5094 1118 5179 gentilman,
1140 5100 1173 5160 et
1200 5096 1310 5159 dictus
1334 5093 1497 5159 Johannee
1522 5094 1657 5175 Rouole,
1684 5097 1788 5162 eeieiti

282 5185 423 5267 inerunt,
437 5189 476 5248 nt
489 5182 531 5249 de
544 5185 648 5249 libero
663 5188 862 5265 tenemento,
877 5182 967 5246 dicto
991 5182 1046 5248 die
1061 5182 1209 5262 Venerin,
1232 5181 1275 5247 de
1298 5182 1342 5247 di.
1360 5182 1383 5249 s.
1398 5203 1445 5251 m.
1461 5184 1496 5248 in
1524 5182 1728 5251 annnnoa
1752 5190 1787 5249 et

287 5274 500 5355 Arouarnoi,
514 5272 549 5337 in
565 5271 655 5336 dicta
668 5270 787 5335 insula.

325 5411 486 5476 Robertne
500 5408 648 5493 Dynelay
663 5407 704 5473 dc
720 5406 921 5487 Wolverton,
934 5407 971 5470 in
986 5406 1149 5473 comitatu
1159 5404 1399 5492 Suthampton’,
1411 5406 1567 5491 armiger,
1576 5409 1612 5470 et
1622 5402 1788 5472 Johannee

284 5499 405 5564 Taillor
428 5499 471 5564 de
496 5494 672 5575 Waklond,
693 5495 730 5560 in
759 5494 866 5561 incula
891 5492 1051 5578 predicta,
1074 5492 1276 5579 frenkeleyn,
1306 5494 1410 5558 eeieiti
1438 5493 1583 5573 fuerunt,
1611 5491 1701 5557 dicto
1731 5494 1785 5558 die

287 5587 433 5667 Veneria,
448 5587 489 5652 de
502 5585 549 5655 di.
565 5585 590 5655 f.
607 5605 652 5649 m.
667 5583 754 5668 apud
770 5582 963 5656 Wnnanoren
977 5585 1012 5646 et
1027 5580 1220 5663 Lucanoan,
1235 5582 1270 5646 in
1285 5581 1374 5647 dicta
1389 5580 1503 5646 incula.
