<?xml version="1.0" encoding="UTF-8"?>
<!DOCTYPE html PUBLIC "-//W3C//DTD XHTML 1.0 Transitional//EN"
    "http://www.w3.org/TR/xhtml1/DTD/xhtml1-transitional.dtd">
<html xmlns="http://www.w3.org/1999/xhtml" xml:lang="en" lang="en">
 <head>
  <title>
</title>
<meta http-equiv="Content-Type" content="text/html;charset=utf-8" />
  <meta name='ocr-system' content='tesseract 3.04.00' />
  <meta name='ocr-capabilities' content='ocr_page ocr_carea ocr_par ocr_line ocrx_word'/>
</head>
<body>
  <div class='ocr_page' id='page_1' title='image "./inquisitionsand01offigoog_0133.png"; bbox 0 0 4117 6200; ppageno 0'>
   <div class='ocr_carea' id='block_1_1' title="bbox 927 488 1781 559">
    <p class='ocr_par' dir='ltr' id='par_1_1' title="bbox 927 488 1781 559">
     <span class='ocr_line' id='line_1_1' title="bbox 927 488 1781 559; baseline 0.002 -3"><span class='ocrx_word' id='word_1_1' title='bbox 927 488 1008 556; x_wconf 77' lang='lat' dir='ltr'>nl).</span> <span class='ocrx_word' id='word_1_2' title='bbox 1034 490 1131 558; x_wconf 81' lang='lat'><strong>1431.</strong></span> <span class='ocrx_word' id='word_1_3' title='bbox 1717 494 1781 559; x_wconf 88' lang='grc'>119</span> 
     </span>
    </p>
   </div>
   <div class='ocr_carea' id='block_1_2' title="bbox 170 705 1854 2630">
    <p class='ocr_par' dir='ltr' id='par_1_2' title="bbox 170 705 1854 2630">
     <span class='ocr_line' id='line_1_2' title="bbox 318 705 1778 797; baseline 0.002 -24"><span class='ocrx_word' id='word_1_4' title='bbox 318 705 491 775; x_wconf 84' lang='lat' dir='ltr'>Johunnea</span> <span class='ocrx_word' id='word_1_5' title='bbox 529 707 680 797; x_wconf 80' lang='lat' dir='ltr'>Heryng,</span> <span class='ocrx_word' id='word_1_6' title='bbox 709 708 751 774; x_wconf 90' lang='lat' dir='ltr'>de</span> <span class='ocrx_word' id='word_1_7' title='bbox 782 707 1051 796; x_wconf 83' lang='lat' dir='ltr'>Wynberbourne</span> <span class='ocrx_word' id='word_1_8' title='bbox 1088 707 1318 787; x_wconf 73' lang='lat' dir='ltr'>Oleneheebon</span> <span class='ocrx_word' id='word_1_9' title='bbox 1355 710 1392 775; x_wconf 90' lang='lat' dir='ltr'>in</span> <span class='ocrx_word' id='word_1_10' title='bbox 1429 712 1591 779; x_wconf 71' lang='lat' dir='ltr'>comitatu</span> <span class='ocrx_word' id='word_1_11' title='bbox 1630 711 1778 789; x_wconf 72' lang='lat' dir='ltr'>Dorsebe</span> 
     </span>
     <span class='ocr_line' id='line_1_3' title="bbox 266 796 1854 883; baseline 0.004 -23"><span class='ocrx_word' id='word_1_12' title='bbox 266 796 467 883; x_wconf 76' lang='lat' dir='ltr'>gentilman,</span> <span class='ocrx_word' id='word_1_13' title='bbox 482 802 577 864; x_wconf 73' lang='lat' dir='ltr'>benet</span> <span class='ocrx_word' id='word_1_14' title='bbox 598 799 730 866; x_wconf 81' lang='lat' dir='ltr'>diversa</span> <span class='ocrx_word' id='word_1_15' title='bbox 744 802 849 865; x_wconf 76' lang='lat' dir='ltr'>berrae</span> <span class='ocrx_word' id='word_1_16' title='bbox 864 802 899 864; x_wconf 77' lang='lat' dir='ltr'>eb</span> <span class='ocrx_word' id='word_1_17' title='bbox 925 803 1116 865; x_wconf 72' lang='lat' dir='ltr'>tenemento.</span> <span class='ocrx_word' id='word_1_18' title='bbox 1142 799 1179 863; x_wconf 90' lang='lat' dir='ltr'>in</span> <span class='ocrx_word' id='word_1_19' title='bbox 1195 797 1495 867; x_wconf 68' lang='lat' dir='ltr'>annnnuouaun</span> <span class='ocrx_word' id='word_1_20' title='bbox 1510 801 1777 878; x_wconf 69' lang='lat' dir='ltr'>Cimmerion,</span> <span class='ocrx_word' id='word_1_21' title='bbox 1847 840 1854 846; x_wconf 94' lang='lat'>-</span> 
     </span>
     <span class='ocr_line' id='line_1_4' title="bbox 170 878 1778 1042; baseline 0.003 -90"><span class='ocrx_word' id='word_1_22' title='bbox 170 878 174 891; x_wconf 75' lang='grc'><strong>”</strong></span> <span class='ocrx_word' id='word_1_23' title='bbox 267 884 438 1042; x_wconf 38' lang='lat' dir='ltr'>{acediam</span> <span class='ocrx_word' id='word_1_24' title='bbox 453 888 635 967; x_wconf 75' lang='lat' dir='ltr'>hundredo¹</span> <span class='ocrx_word' id='word_1_25' title='bbox 647 910 706 976; x_wconf 89' lang='lat' dir='ltr'>per</span> <span class='ocrx_word' id='word_1_26' title='bbox 717 888 889 977; x_wconf 72' lang='lat' dir='ltr'>integrum</span> <span class='ocrx_word' id='word_1_27' title='bbox 904 887 1039 955; x_wconf 88' lang='lat' dir='ltr'>feodum</span> <span class='ocrx_word' id='word_1_28' title='bbox 1055 889 1182 967; x_wconf 74' lang='lat' dir='ltr'>militis,</span> <span class='ocrx_word' id='word_1_29' title='bbox 1194 895 1333 975; x_wconf 68' lang='lat' dir='ltr'>excepte</span> <span class='ocrx_word' id='word_1_30' title='bbox 1348 891 1528 957; x_wconf 70' lang='lat' dir='ltr'>medietate</span> <span class='ocrx_word' id='word_1_31' title='bbox 1540 898 1659 978; x_wconf 81' lang='lat' dir='ltr'>querie</span> <span class='ocrx_word' id='word_1_32' title='bbox 1671 893 1778 978; x_wconf 74' lang='lat' dir='ltr'>perbis</span> 
     </span>
     <span class='ocr_line' id='line_1_5' title="bbox 318 1092 1776 1182; baseline 0.003 -23"><span class='ocrx_word' id='word_1_33' title='bbox 318 1096 468 1182; x_wconf 74' lang='lat' dir='ltr'>Rogemus</span> <span class='ocrx_word' id='word_1_34' title='bbox 508 1092 704 1172; x_wconf 76' lang='lat' dir='ltr'>Rocbeford</span> <span class='ocrx_word' id='word_1_35' title='bbox 736 1094 777 1160; x_wconf 91' lang='lat' dir='ltr'>de</span> <span class='ocrx_word' id='word_1_36' title='bbox 812 1092 1057 1181; x_wconf 74' lang='lat' dir='ltr'>Wynterborne</span> <span class='ocrx_word' id='word_1_37' title='bbox 1089 1094 1334 1172; x_wconf 83' lang='lat' dir='ltr'>Whiicburche,</span> <span class='ocrx_word' id='word_1_38' title='bbox 1365 1096 1401 1160; x_wconf 92' lang='lat' dir='ltr'>in</span> <span class='ocrx_word' id='word_1_39' title='bbox 1431 1098 1594 1163; x_wconf 73' lang='lat' dir='ltr'>comitutu</span> <span class='ocrx_word' id='word_1_40' title='bbox 1626 1096 1776 1174; x_wconf 78' lang='lat' dir='ltr'>Domebe,</span> 
     </span>
     <span class='ocr_line' id='line_1_6' title="bbox 269 1183 1776 1272; baseline 0.001 -23"><span class='ocrx_word' id='word_1_41' title='bbox 269 1185 466 1269; x_wconf 80' lang='lat' dir='ltr'>gentilmen,</span> <span class='ocrx_word' id='word_1_42' title='bbox 478 1190 571 1250; x_wconf 73' lang='lat' dir='ltr'>benet</span> <span class='ocrx_word' id='word_1_43' title='bbox 585 1184 769 1250; x_wconf 89' lang='lat' dir='ltr'>manerium</span> <span class='ocrx_word' id='word_1_44' title='bbox 784 1206 882 1249; x_wconf 81' lang='lat' dir='ltr'>auum</span> <span class='ocrx_word' id='word_1_45' title='bbox 898 1184 1021 1250; x_wconf 87' lang='lat' dir='ltr'>ibidem</span> <span class='ocrx_word' id='word_1_46' title='bbox 1032 1183 1118 1269; x_wconf 71' lang='lat' dir='ltr'>(ecel.</span> <span class='ocrx_word' id='word_1_47' title='bbox 1134 1185 1171 1249; x_wconf 91' lang='lat' dir='ltr'>in</span> <span class='ocrx_word' id='word_1_48' title='bbox 1187 1183 1462 1251; x_wconf 69' lang='lat' dir='ltr'>Wmnuuoaau</span> <span class='ocrx_word' id='word_1_49' title='bbox 1477 1186 1776 1272; x_wconf 75' lang='lat' dir='ltr'>wnncnmcne),</span> 
     </span>
     <span class='ocr_line' id='line_1_7' title="bbox 268 1272 1109 1361; baseline 0.002 -24"><span class='ocrx_word' id='word_1_50' title='bbox 268 1272 309 1337; x_wconf 92' lang='lat' dir='ltr'>in</span> <span class='ocrx_word' id='word_1_51' title='bbox 325 1275 437 1341; x_wconf 90' lang='lat' dir='ltr'>eodem</span> <span class='ocrx_word' id='word_1_52' title='bbox 452 1274 635 1351; x_wconf 85' lang='lat' dir='ltr'>hundredo,</span> <span class='ocrx_word' id='word_1_53' title='bbox 649 1295 709 1361; x_wconf 90' lang='lat' dir='ltr'>per</span> <span class='ocrx_word' id='word_1_54' title='bbox 724 1274 936 1340; x_wconf 69' lang='lat' dir='ltr'>medietatem</span> <span class='ocrx_word' id='word_1_55' title='bbox 951 1295 1006 1340; x_wconf 92' lang='lat' dir='ltr'>un</span> <span class='ocrx_word' id='word_1_56' title='bbox 1023 1273 1047 1339; x_wconf 85' lang='lat' dir='ltr'>f.</span> <span class='ocrx_word' id='word_1_57' title='bbox 1063 1297 1109 1339; x_wconf 88' lang='lat' dir='ltr'>m.</span> 
     </span>
     <span class='ocr_line' id='line_1_8' title="bbox 317 1388 1773 1475; baseline 0.001 -21"><span class='ocrx_word' id='word_1_58' title='bbox 317 1388 483 1456; x_wconf 73' lang='lat' dir='ltr'>Rubenius</span> <span class='ocrx_word' id='word_1_59' title='bbox 495 1388 663 1475; x_wconf 79' lang='lat' dir='ltr'>Letymer,</span> <span class='ocrx_word' id='word_1_60' title='bbox 677 1388 719 1455; x_wconf 89' lang='lat' dir='ltr'>de</span> <span class='ocrx_word' id='word_1_61' title='bbox 735 1388 940 1467; x_wconf 80' lang='lat' dir='ltr'>Sebaeionia,</span> <span class='ocrx_word' id='word_1_62' title='bbox 956 1388 992 1453; x_wconf 91' lang='lat' dir='ltr'>in</span> <span class='ocrx_word' id='word_1_63' title='bbox 1007 1389 1169 1455; x_wconf 74' lang='lat' dir='ltr'>comitatu</span> <span class='ocrx_word' id='word_1_64' title='bbox 1184 1388 1341 1475; x_wconf 73' lang='lat' dir='ltr'>predicte,</span> <span class='ocrx_word' id='word_1_65' title='bbox 1358 1390 1461 1468; x_wconf 86' lang='lat' dir='ltr'>miles,</span> <span class='ocrx_word' id='word_1_66' title='bbox 1477 1396 1572 1457; x_wconf 69' lang='lat' dir='ltr'>tenet</span> <span class='ocrx_word' id='word_1_67' title='bbox 1595 1394 1632 1457; x_wconf 92' lang='lat' dir='ltr'>in</span> <span class='ocrx_word' id='word_1_68' title='bbox 1657 1393 1773 1458; x_wconf 85' lang='lat' dir='ltr'>eadem</span> 
     </span>
     <span class='ocr_line' id='line_1_9' title="bbox 268 1477 1774 1635; baseline 0.001 -91"><span class='ocrx_word' id='word_1_69' title='bbox 268 1477 366 1635; x_wconf 44' lang='lat' dir='ltr'>{iilai</span> <span class='ocrx_word' id='word_1_70' title='bbox 382 1478 424 1633; x_wconf 52' lang='lat' dir='ltr'>lde</span> <span class='ocrx_word' id='word_1_71' title='bbox 455 1477 736 1557; x_wconf 77' lang='lat' dir='ltr'>eronuacne,</span> <span class='ocrx_word' id='word_1_72' title='bbox 770 1478 903 1544; x_wconf 84' lang='lat' dir='ltr'>diverse</span> <span class='ocrx_word' id='word_1_73' title='bbox 932 1482 1040 1545; x_wconf 77' lang='lat' dir='ltr'>berrae</span> <span class='ocrx_word' id='word_1_74' title='bbox 1070 1483 1105 1546; x_wconf 74' lang='lat' dir='ltr'>ei</span> <span class='ocrx_word' id='word_1_75' title='bbox 1134 1483 1333 1558; x_wconf 68' lang='lat' dir='ltr'>tenementa</span> <span class='ocrx_word' id='word_1_76' title='bbox 1363 1501 1424 1566; x_wconf 88' lang='lat' dir='ltr'>per</span> <span class='ocrx_word' id='word_1_77' title='bbox 1454 1482 1615 1548; x_wconf 82' lang='lat' dir='ltr'>decimam</span> <span class='ocrx_word' id='word_1_78' title='bbox 1645 1487 1774 1563; x_wconf 80' lang='lat' dir='ltr'>partem</span> 
     </span>
     <span class='ocr_line' id='line_1_10' title="bbox 317 1680 1773 1773; baseline 0.001 -24"><span class='ocrx_word' id='word_1_79' title='bbox 317 1682 433 1749; x_wconf 90' lang='lat' dir='ltr'>Simon</span> <span class='ocrx_word' id='word_1_80' title='bbox 455 1682 585 1762; x_wconf 77' lang='lat' dir='ltr'>Talbot,</span> <span class='ocrx_word' id='word_1_81' title='bbox 601 1682 642 1750; x_wconf 92' lang='lat' dir='ltr'>de</span> <span class='ocrx_word' id='word_1_82' title='bbox 667 1680 836 1761; x_wconf 68' lang='lat' dir='ltr'>Werm,</span> <span class='ocrx_word' id='word_1_83' title='bbox 855 1683 891 1749; x_wconf 91' lang='lat' dir='ltr'>in</span> <span class='ocrx_word' id='word_1_84' title='bbox 909 1683 1072 1751; x_wconf 72' lang='lat' dir='ltr'>comitutu</span> <span class='ocrx_word' id='word_1_85' title='bbox 1097 1682 1254 1770; x_wconf 74' lang='lat' dir='ltr'>predicto,</span> <span class='ocrx_word' id='word_1_86' title='bbox 1269 1684 1461 1773; x_wconf 78' lang='lat' dir='ltr'>gentiiman,</span> <span class='ocrx_word' id='word_1_87' title='bbox 1478 1691 1573 1753; x_wconf 78' lang='lat' dir='ltr'>tenet</span> <span class='ocrx_word' id='word_1_88' title='bbox 1599 1687 1635 1751; x_wconf 94' lang='lat' dir='ltr'>in</span> <span class='ocrx_word' id='word_1_89' title='bbox 1659 1687 1773 1753; x_wconf 84' lang='lat' dir='ltr'>eadem</span> 
     </span>
     <span class='ocr_line' id='line_1_11' title="bbox 270 1771 1774 1929; baseline 0.003 -92"><span class='ocrx_word' id='word_1_90' title='bbox 270 1771 445 1929; x_wconf 58' lang='lat' dir='ltr'>bbffliluie</span> <span class='ocrx_word' id='word_1_91' title='bbox 479 1772 758 1851; x_wconf 71' lang='lat' dir='ltr'>Wffl&#39;roumeenu,</span> <span class='ocrx_word' id='word_1_92' title='bbox 780 1773 914 1839; x_wconf 82' lang='lat' dir='ltr'>diversa</span> <span class='ocrx_word' id='word_1_93' title='bbox 942 1777 1049 1839; x_wconf 77' lang='lat' dir='ltr'>berrue</span> <span class='ocrx_word' id='word_1_94' title='bbox 1075 1782 1110 1839; x_wconf 78' lang='lat' dir='ltr'>et</span> <span class='ocrx_word' id='word_1_95' title='bbox 1139 1777 1338 1853; x_wconf 75' lang='lat' dir='ltr'>tenemente,</span> <span class='ocrx_word' id='word_1_96' title='bbox 1361 1795 1422 1861; x_wconf 88' lang='lat' dir='ltr'>per</span> <span class='ocrx_word' id='word_1_97' title='bbox 1452 1776 1613 1843; x_wconf 79' lang='lat' dir='ltr'>decimam</span> <span class='ocrx_word' id='word_1_98' title='bbox 1643 1782 1774 1862; x_wconf 77' lang='lat' dir='ltr'>purtem</span> 
     </span>
     <span class='ocr_line' id='line_1_12' title="bbox 318 1976 1774 2067; baseline 0.002 -24"><span class='ocrx_word' id='word_1_99' title='bbox 318 1976 503 2067; x_wconf 84' lang='lat' dir='ltr'>Willelmue</span> <span class='ocrx_word' id='word_1_100' title='bbox 519 1976 665 2063; x_wconf 78' lang='lat' dir='ltr'>Chetyll,</span> <span class='ocrx_word' id='word_1_101' title='bbox 686 1977 728 2043; x_wconf 92' lang='lat' dir='ltr'>de</span> <span class='ocrx_word' id='word_1_102' title='bbox 743 1977 906 2043; x_wconf 84' lang='lat' dir='ltr'>Blanford</span> <span class='ocrx_word' id='word_1_103' title='bbox 921 1976 1015 2043; x_wconf 77' lang='lat' dir='ltr'>beebe</span> <span class='ocrx_word' id='word_1_104' title='bbox 1031 1976 1145 2055; x_wconf 82' lang='lat' dir='ltr'>Marie,</span> <span class='ocrx_word' id='word_1_105' title='bbox 1164 1978 1200 2043; x_wconf 89' lang='lat' dir='ltr'>in</span> <span class='ocrx_word' id='word_1_106' title='bbox 1215 1978 1377 2044; x_wconf 71' lang='lat' dir='ltr'>comitatu</span> <span class='ocrx_word' id='word_1_107' title='bbox 1401 1978 1559 2066; x_wconf 84' lang='lat' dir='ltr'>predicto&#39;,</span> <span class='ocrx_word' id='word_1_108' title='bbox 1578 1980 1774 2067; x_wconf 81' lang='lat' dir='ltr'>genbilmen¹</span> 
     </span>
     <span class='ocr_line' id='line_1_13' title="bbox 270 2066 1776 2154; baseline 0.001 -21"><span class='ocrx_word' id='word_1_109' title='bbox 270 2071 365 2133; x_wconf 74' lang='lat' dir='ltr'>tenet</span> <span class='ocrx_word' id='word_1_110' title='bbox 379 2066 511 2133; x_wconf 80' lang='lat' dir='ltr'>diversa</span> <span class='ocrx_word' id='word_1_111' title='bbox 527 2071 632 2133; x_wconf 77' lang='lat' dir='ltr'>terrae</span> <span class='ocrx_word' id='word_1_112' title='bbox 656 2070 691 2133; x_wconf 76' lang='lat' dir='ltr'>ei</span> <span class='ocrx_word' id='word_1_113' title='bbox 714 2072 905 2134; x_wconf 75' lang='lat' dir='ltr'>benemenba</span> <span class='ocrx_word' id='word_1_114' title='bbox 927 2066 1052 2135; x_wconf 89' lang='lat' dir='ltr'>ibidem</span> <span class='ocrx_word' id='word_1_115' title='bbox 1067 2066 1152 2151; x_wconf 70' lang='lat' dir='ltr'>(ece.</span> <span class='ocrx_word' id='word_1_116' title='bbox 1168 2067 1205 2132; x_wconf 95' lang='lat' dir='ltr'>in</span> <span class='ocrx_word' id='word_1_117' title='bbox 1228 2066 1421 2143; x_wconf 75' lang='lat' dir='ltr'>Bnarvronb</span> <span class='ocrx_word' id='word_1_118' title='bbox 1443 2085 1554 2133; x_wconf 77' lang='lat' dir='ltr'>auara</span> <span class='ocrx_word' id='word_1_119' title='bbox 1569 2070 1712 2154; x_wconf 74' lang='lat' dir='ltr'>Meam),</span> <span class='ocrx_word' id='word_1_120' title='bbox 1739 2072 1776 2135; x_wconf 92' lang='lat' dir='ltr'>in</span> 
     </span>
     <span class='ocr_line' id='line_1_14' title="bbox 270 2156 1776 2245; baseline 0.001 -22"><span class='ocrx_word' id='word_1_121' title='bbox 270 2157 384 2223; x_wconf 87' lang='lat' dir='ltr'>eodem</span> <span class='ocrx_word' id='word_1_122' title='bbox 400 2156 580 2235; x_wconf 84' lang='lat' dir='ltr'>hundredo,</span> <span class='ocrx_word' id='word_1_123' title='bbox 594 2160 629 2223; x_wconf 77' lang='lat' dir='ltr'>ei</span> <span class='ocrx_word' id='word_1_124' title='bbox 649 2158 685 2222; x_wconf 93' lang='lat' dir='ltr'>in</span> <span class='ocrx_word' id='word_1_125' title='bbox 701 2156 889 2223; x_wconf 75' lang='lat' dir='ltr'>anoann</span> <span class='ocrx_word' id='word_1_126' title='bbox 914 2157 1046 2223; x_wconf 70' lang='lat' dir='ltr'>Sanun</span> <span class='ocrx_word' id='word_1_127' title='bbox 1071 2156 1231 2237; x_wconf 68' lang='lat' dir='ltr'>mnan,</span> <span class='ocrx_word' id='word_1_128' title='bbox 1247 2159 1337 2243; x_wconf 91' lang='lat' dir='ltr'>quod</span> <span class='ocrx_word' id='word_1_129' title='bbox 1361 2157 1439 2245; x_wconf 77' lang='lat' dir='ltr'>(rie)</span> <span class='ocrx_word' id='word_1_130' title='bbox 1454 2180 1522 2225; x_wconf 89' lang='lat' dir='ltr'>nen</span> <span class='ocrx_word' id='word_1_131' title='bbox 1537 2163 1695 2225; x_wconf 77' lang='lat' dir='ltr'>tenentur</span> <span class='ocrx_word' id='word_1_132' title='bbox 1716 2181 1776 2245; x_wconf 89' lang='lat' dir='ltr'>per</span> 
     </span>
     <span class='ocr_line' id='line_1_15' title="bbox 270 2245 1776 2334; baseline 0.005 -21"><span class='ocrx_word' id='word_1_133' title='bbox 270 2246 447 2313; x_wconf 83' lang='lat' dir='ltr'>servicium</span> <span class='ocrx_word' id='word_1_134' title='bbox 461 2246 617 2325; x_wconf 72' lang='lat' dir='ltr'>militam,</span> <span class='ocrx_word' id='word_1_135' title='bbox 632 2250 664 2313; x_wconf 84' lang='lat' dir='ltr'>ei</span> <span class='ocrx_word' id='word_1_136' title='bbox 680 2246 796 2313; x_wconf 70' lang='lat' dir='ltr'>valent</span> <span class='ocrx_word' id='word_1_137' title='bbox 810 2268 871 2334; x_wconf 89' lang='lat' dir='ltr'>per</span> <span class='ocrx_word' id='word_1_138' title='bbox 885 2268 1020 2325; x_wconf 78' lang='lat' dir='ltr'>annum,</span> <span class='ocrx_word' id='word_1_139' title='bbox 1034 2245 1126 2312; x_wconf 74' lang='lat' dir='ltr'>ultrn</span> <span class='ocrx_word' id='word_1_140' title='bbox 1140 2249 1284 2334; x_wconf 82' lang='lat' dir='ltr'>reprisae</span> <span class='ocrx_word' id='word_1_141' title='bbox 1359 2283 1374 2296; x_wconf 93' lang='lat'><em>-</em></span> <span class='ocrx_word' id='word_1_142' title='bbox 1509 2288 1522 2299; x_wconf 93' lang='lat'>-</span> <span class='ocrx_word' id='word_1_143' title='bbox 1656 2285 1670 2300; x_wconf 94' lang='lat'><strong>·</strong></span> <span class='ocrx_word' id='word_1_144' title='bbox 1715 2271 1776 2319; x_wconf 82' lang='lat' dir='ltr'>ce.</span> 
     </span>
     <span class='ocr_line' id='line_1_16' title="bbox 317 2361 1774 2451; baseline 0.004 -24"><span class='ocrx_word' id='word_1_145' title='bbox 317 2362 486 2429; x_wconf 83' lang='lat' dir='ltr'>Johannee</span> <span class='ocrx_word' id='word_1_146' title='bbox 501 2361 681 2442; x_wconf 80' lang='lat' dir='ltr'>Bobieeux,</span> <span class='ocrx_word' id='word_1_147' title='bbox 704 2362 745 2428; x_wconf 89' lang='lat' dir='ltr'>de</span> <span class='ocrx_word' id='word_1_148' title='bbox 770 2362 881 2439; x_wconf 73' lang='lat' dir='ltr'>Treui,</span> <span class='ocrx_word' id='word_1_149' title='bbox 895 2362 932 2426; x_wconf 92' lang='lat' dir='ltr'>in</span> <span class='ocrx_word' id='word_1_150' title='bbox 958 2362 1120 2429; x_wconf 70' lang='lat' dir='ltr'>comitatu</span> <span class='ocrx_word' id='word_1_151' title='bbox 1145 2362 1507 2451; x_wconf 72' lang='lat' dir='ltr'>Sumereeie,a1miger,</span> <span class='ocrx_word' id='word_1_152' title='bbox 1533 2369 1626 2432; x_wconf 70' lang='lat' dir='ltr'>benet</span> <span class='ocrx_word' id='word_1_153' title='bbox 1650 2366 1774 2433; x_wconf 91' lang='lat' dir='ltr'>ibidem</span> 
     </span>
     <span class='ocr_line' id='line_1_17' title="bbox 270 2451 1775 2543; baseline 0.002 -24"><span class='ocrx_word' id='word_1_154' title='bbox 270 2451 355 2536; x_wconf 80' lang='lat' dir='ltr'>(eeil.</span> <span class='ocrx_word' id='word_1_155' title='bbox 372 2451 407 2516; x_wconf 91' lang='lat' dir='ltr'>in</span> <span class='ocrx_word' id='word_1_156' title='bbox 430 2451 646 2518; x_wconf 72' lang='lat' dir='ltr'>annronn</span> <span class='ocrx_word' id='word_1_157' title='bbox 671 2467 781 2519; x_wconf 74' lang='lat' dir='ltr'>anm</span> <span class='ocrx_word' id='word_1_158' title='bbox 808 2452 942 2537; x_wconf 75' lang='lat' dir='ltr'>Mnnlu)</span> <span class='ocrx_word' id='word_1_159' title='bbox 966 2452 1100 2519; x_wconf 79' lang='lat' dir='ltr'>diverse</span> <span class='ocrx_word' id='word_1_160' title='bbox 1125 2457 1233 2519; x_wconf 74' lang='lat' dir='ltr'>berrae</span> <span class='ocrx_word' id='word_1_161' title='bbox 1257 2459 1293 2521; x_wconf 77' lang='lat' dir='ltr'>et</span> <span class='ocrx_word' id='word_1_162' title='bbox 1315 2458 1507 2522; x_wconf 78' lang='lat' dir='ltr'>tenemenbe</span> <span class='ocrx_word' id='word_1_163' title='bbox 1533 2455 1569 2520; x_wconf 90' lang='lat' dir='ltr'>in</span> <span class='ocrx_word' id='word_1_164' title='bbox 1584 2456 1724 2543; x_wconf 62' lang='lat' dir='ltr'>magio,</span> <span class='ocrx_word' id='word_1_165' title='bbox 1740 2463 1775 2523; x_wconf 81' lang='lat' dir='ltr'>et</span> 
     </span>
     <span class='ocr_line' id='line_1_18' title="bbox 270 2539 1776 2630; baseline 0.003 -23"><span class='ocrx_word' id='word_1_166' title='bbox 270 2542 391 2625; x_wconf 80' lang='lat' dir='ltr'>veleb(</span> <span class='ocrx_word' id='word_1_167' title='bbox 416 2539 530 2629; x_wconf 81' lang='lat' dir='ltr'>&#39;)per</span> <span class='ocrx_word' id='word_1_168' title='bbox 544 2561 677 2621; x_wconf 85' lang='lat' dir='ltr'>annum,</span> <span class='ocrx_word' id='word_1_169' title='bbox 692 2541 783 2609; x_wconf 73' lang='lat' dir='ltr'>ultra</span> <span class='ocrx_word' id='word_1_170' title='bbox 798 2542 941 2630; x_wconf 82' lang='lat' dir='ltr'>reprisaa</span> <span class='ocrx_word' id='word_1_171' title='bbox 1119 2574 1133 2593; x_wconf 86' lang='lat'><strong>·</strong></span> <span class='ocrx_word' id='word_1_172' title='bbox 1313 2579 1328 2592; x_wconf 95' lang='lat'><strong>·</strong></span> <span class='ocrx_word' id='word_1_173' title='bbox 1508 2583 1521 2595; x_wconf 96' lang='lat'><em>-</em></span> <span class='ocrx_word' id='word_1_174' title='bbox 1657 2580 1671 2594; x_wconf 83' lang='lat'>=</span> <span class='ocrx_word' id='word_1_175' title='bbox 1715 2568 1776 2612; x_wconf 82' lang='lat' dir='ltr'>ee.</span> 
     </span>
    </p>
   </div>
   <div class='ocr_carea' id='block_1_3' title="bbox 318 2694 711 2783">
    <p class='ocr_par' dir='ltr' id='par_1_3' title="bbox 318 2694 711 2783">
     <span class='ocr_line' id='line_1_19' title="bbox 318 2694 711 2783; baseline -0.005 -20"><span class='ocrx_word' id='word_1_176' title='bbox 318 2696 404 2763; x_wconf 75' lang='lat' dir='ltr'>Item</span> <span class='ocrx_word' id='word_1_177' title='bbox 420 2696 547 2775; x_wconf 78' lang='lat' dir='ltr'>dicunt,</span> <span class='ocrx_word' id='word_1_178' title='bbox 563 2694 650 2783; x_wconf 89' lang='lat' dir='ltr'>quod</span> <span class='ocrx_word' id='word_1_179' title='bbox 662 2720 711 2761; x_wconf 92' lang='lat'>:-</span> 
     </span>
    </p>
   </div>
   <div class='ocr_carea' id='block_1_4' title="bbox 853 2908 1169 2998">
    <p class='ocr_par' dir='ltr' id='par_1_4' title="bbox 853 2908 1169 2998">
     <span class='ocr_line' id='line_1_20' title="bbox 853 2908 1169 2998; baseline -0.003 -23"><span class='ocrx_word' id='word_1_180' title='bbox 853 2908 1169 2998; x_wconf 56' lang='lat' dir='ltr'>[nosuuaauui</span> 
     </span>
    </p>
   </div>
   <div class='ocr_carea' id='block_1_5' title="bbox 269 3071 1775 3253">
    <p class='ocr_par' dir='ltr' id='par_1_5' title="bbox 269 3071 1775 3253">
     <span class='ocr_line' id='line_1_21' title="bbox 315 3071 1775 3160; baseline 0.001 -20"><span class='ocrx_word' id='word_1_181' title='bbox 315 3072 486 3142; x_wconf 76' lang='lat' dir='ltr'>Predictne</span> <span class='ocrx_word' id='word_1_182' title='bbox 502 3071 712 3141; x_wconf 83' lang='lat' dir='ltr'>Humiredns</span> <span class='ocrx_word' id='word_1_183' title='bbox 727 3073 882 3150; x_wconf 75' lang='lat' dir='ltr'>Stafford,</span> <span class='ocrx_word' id='word_1_184' title='bbox 898 3073 1004 3152; x_wconf 79' lang='lat' dir='ltr'>miles,</span> <span class='ocrx_word' id='word_1_185' title='bbox 1018 3074 1121 3150; x_wconf 73' lang='lat' dir='ltr'>benet,</span> <span class='ocrx_word' id='word_1_186' title='bbox 1132 3072 1168 3138; x_wconf 91' lang='lat' dir='ltr'>in</span> <span class='ocrx_word' id='word_1_187' title='bbox 1178 3071 1382 3151; x_wconf 79' lang='lat' dir='ltr'>Oaauroan,</span> <span class='ocrx_word' id='word_1_188' title='bbox 1391 3072 1428 3138; x_wconf 91' lang='lat' dir='ltr'>in</span> <span class='ocrx_word' id='word_1_189' title='bbox 1439 3073 1588 3160; x_wconf 83' lang='lat' dir='ltr'>predicto</span> <span class='ocrx_word' id='word_1_190' title='bbox 1603 3075 1775 3142; x_wconf 86' lang='lat' dir='ltr'>hundredo</span> 
     </span>
     <span class='ocr_line' id='line_1_22' title="bbox 269 3163 1741 3253; baseline 0.001 -24"><span class='ocrx_word' id='word_1_191' title='bbox 269 3163 311 3230; x_wconf 91' lang='lat' dir='ltr'>de</span> <span class='ocrx_word' id='word_1_192' title='bbox 326 3163 525 3253; x_wconf 82' lang='lat' dir='ltr'>Loeebargh‚</span> <span class='ocrx_word' id='word_1_193' title='bbox 540 3163 672 3231; x_wconf 78' lang='lat' dir='ltr'>diverse</span> <span class='ocrx_word' id='word_1_194' title='bbox 686 3170 792 3232; x_wconf 78' lang='lat' dir='ltr'>berrae</span> <span class='ocrx_word' id='word_1_195' title='bbox 807 3169 841 3231; x_wconf 79' lang='lat' dir='ltr'>eb</span> <span class='ocrx_word' id='word_1_196' title='bbox 855 3168 1055 3240; x_wconf 72' lang='lat' dir='ltr'>tenementa,</span> <span class='ocrx_word' id='word_1_197' title='bbox 1066 3185 1125 3250; x_wconf 83' lang='lat' dir='ltr'>per</span> <span class='ocrx_word' id='word_1_198' title='bbox 1139 3163 1316 3228; x_wconf 78' lang='lat' dir='ltr'>servicium</span> <span class='ocrx_word' id='word_1_199' title='bbox 1331 3168 1449 3249; x_wconf 74' lang='lat' dir='ltr'>quarte</span> <span class='ocrx_word' id='word_1_200' title='bbox 1463 3165 1569 3250; x_wconf 77' lang='lat' dir='ltr'>partis</span> <span class='ocrx_word' id='word_1_201' title='bbox 1585 3186 1640 3230; x_wconf 89' lang='lat' dir='ltr'>uu.</span> <span class='ocrx_word' id='word_1_202' title='bbox 1656 3166 1679 3231; x_wconf 82' lang='lat' dir='ltr'>f.</span> <span class='ocrx_word' id='word_1_203' title='bbox 1696 3188 1741 3237; x_wconf 81' lang='lat' dir='ltr'>m.</span> 
     </span>
    </p>
   </div>
   <div class='ocr_carea' id='block_1_6' title="bbox 269 3275 1775 3546">
    <p class='ocr_par' dir='ltr' id='par_1_6' title="bbox 269 3275 1775 3546">
     <span class='ocr_line' id='line_1_23' title="bbox 315 3275 1775 3366; baseline -0.001 -21"><span class='ocrx_word' id='word_1_204' title='bbox 315 3278 485 3345; x_wconf 84' lang='lat' dir='ltr'>Johannea</span> <span class='ocrx_word' id='word_1_205' title='bbox 510 3279 698 3366; x_wconf 84' lang='lat' dir='ltr'>Mylborne,</span> <span class='ocrx_word' id='word_1_206' title='bbox 714 3279 755 3345; x_wconf 91' lang='lat' dir='ltr'>de</span> <span class='ocrx_word' id='word_1_207' title='bbox 780 3277 929 3346; x_wconf 83' lang='lat' dir='ltr'>Oemmel</span> <span class='ocrx_word' id='word_1_208' title='bbox 950 3277 1087 3364; x_wconf 69' lang='lat' dir='ltr'>Regina</span> <span class='ocrx_word' id='word_1_209' title='bbox 1112 3277 1148 3341; x_wconf 93' lang='lat' dir='ltr'>in</span> <span class='ocrx_word' id='word_1_210' title='bbox 1173 3275 1333 3342; x_wconf 71' lang='lat' dir='ltr'>comitatu</span> <span class='ocrx_word' id='word_1_211' title='bbox 1359 3275 1555 3354; x_wconf 75' lang='lat' dir='ltr'>Somersete,</span> <span class='ocrx_word' id='word_1_212' title='bbox 1580 3279 1775 3366; x_wconf 75' lang='lat' dir='ltr'>geniilman,</span> 
     </span>
     <span class='ocr_line' id='line_1_24' title="bbox 269 3364 1774 3454; baseline 0.002 -21"><span class='ocrx_word' id='word_1_213' title='bbox 269 3371 362 3434; x_wconf 71' lang='lat' dir='ltr'>tenet</span> <span class='ocrx_word' id='word_1_214' title='bbox 377 3368 500 3434; x_wconf 89' lang='lat' dir='ltr'>ibidem</span> <span class='ocrx_word' id='word_1_215' title='bbox 516 3369 648 3436; x_wconf 80' lang='lat' dir='ltr'>diverse</span> <span class='ocrx_word' id='word_1_216' title='bbox 663 3376 769 3436; x_wconf 73' lang='lat' dir='ltr'>berrae</span> <span class='ocrx_word' id='word_1_217' title='bbox 784 3372 819 3434; x_wconf 81' lang='lat' dir='ltr'>eb</span> <span class='ocrx_word' id='word_1_218' title='bbox 832 3372 1023 3436; x_wconf 73' lang='lat' dir='ltr'>tenemenbe</span> <span class='ocrx_word' id='word_1_219' title='bbox 1037 3367 1074 3432; x_wconf 86' lang='lat' dir='ltr'>iu</span> <span class='ocrx_word' id='word_1_220' title='bbox 1083 3365 1197 3433; x_wconf 90' lang='lat' dir='ltr'>eodem</span> <span class='ocrx_word' id='word_1_221' title='bbox 1208 3364 1389 3443; x_wconf 90' lang='lat' dir='ltr'>hundredo,</span> <span class='ocrx_word' id='word_1_222' title='bbox 1399 3371 1434 3431; x_wconf 76' lang='lat' dir='ltr'>et</span> <span class='ocrx_word' id='word_1_223' title='bbox 1442 3365 1558 3432; x_wconf 76' lang='lat' dir='ltr'>valent</span> <span class='ocrx_word' id='word_1_224' title='bbox 1568 3389 1628 3454; x_wconf 85' lang='lat' dir='ltr'>per</span> <span class='ocrx_word' id='word_1_225' title='bbox 1639 3390 1774 3448; x_wconf 87' lang='lat' dir='ltr'>annum,</span> 
     </span>
     <span class='ocr_line' id='line_1_25' title="bbox 270 3454 1364 3546; baseline 0 -24"><span class='ocrx_word' id='word_1_226' title='bbox 270 3457 361 3524; x_wconf 76' lang='lat' dir='ltr'>ultre</span> <span class='ocrx_word' id='word_1_227' title='bbox 375 3459 517 3545; x_wconf 75' lang='lat' dir='ltr'>reprime</span> <span class='ocrx_word' id='word_1_228' title='bbox 532 3479 558 3526; x_wconf 81' lang='lat' dir='ltr'>e</span> <span class='ocrx_word' id='word_1_229' title='bbox 571 3479 595 3525; x_wconf 85' lang='lat' dir='ltr'>e.</span> <span class='ocrx_word' id='word_1_230' title='bbox 611 3481 675 3546; x_wconf 91' lang='lat' dir='ltr'>que</span> <span class='ocrx_word' id='word_1_231' title='bbox 689 3479 755 3526; x_wconf 90' lang='lat' dir='ltr'>non</span> <span class='ocrx_word' id='word_1_232' title='bbox 772 3463 930 3525; x_wconf 72' lang='lat' dir='ltr'>tenentur</span> <span class='ocrx_word' id='word_1_233' title='bbox 944 3479 1005 3544; x_wconf 89' lang='lat' dir='ltr'>per</span> <span class='ocrx_word' id='word_1_234' title='bbox 1019 3456 1194 3523; x_wconf 79' lang='lat' dir='ltr'>servicium</span> <span class='ocrx_word' id='word_1_235' title='bbox 1211 3454 1364 3522; x_wconf 76' lang='lat' dir='ltr'>militare</span> 
     </span>
    </p>
   </div>
   <div class='ocr_carea' id='block_1_7' title="bbox 269 3570 1774 3840">
    <p class='ocr_par' dir='ltr' id='par_1_7' title="bbox 269 3570 1774 3840">
     <span class='ocr_line' id='line_1_26' title="bbox 315 3570 1774 3661; baseline 0.001 -22"><span class='ocrx_word' id='word_1_236' title='bbox 315 3572 486 3640; x_wconf 82' lang='lat' dir='ltr'>Johnunee</span> <span class='ocrx_word' id='word_1_237' title='bbox 513 3573 639 3661; x_wconf 91' lang='lat' dir='ltr'>Brydd,</span> <span class='ocrx_word' id='word_1_238' title='bbox 664 3574 705 3640; x_wconf 94' lang='lat' dir='ltr'>de</span> <span class='ocrx_word' id='word_1_239' title='bbox 729 3571 954 3661; x_wconf 86' lang='lat' dir='ltr'>Murleburgh,</span> <span class='ocrx_word' id='word_1_240' title='bbox 980 3572 1017 3636; x_wconf 88' lang='lat' dir='ltr'>in</span> <span class='ocrx_word' id='word_1_241' title='bbox 1040 3571 1201 3637; x_wconf 71' lang='lat' dir='ltr'>ecmibeiu</span> <span class='ocrx_word' id='word_1_242' title='bbox 1234 3570 1362 3650; x_wconf 80' lang='lat' dir='ltr'>Wiltee,</span> <span class='ocrx_word' id='word_1_243' title='bbox 1387 3575 1481 3636; x_wconf 75' lang='lat' dir='ltr'>eene</span> <span class='ocrx_word' id='word_1_244' title='bbox 1517 3574 1702 3639; x_wconf 88' lang='lat' dir='ltr'>manerium</span> <span class='ocrx_word' id='word_1_245' title='bbox 1733 3576 1774 3642; x_wconf 90' lang='lat' dir='ltr'>de</span> 
     </span>
     <span class='ocr_line' id='line_1_27' title="bbox 272 3659 1774 3750; baseline 0.002 -22"><span class='ocrx_word' id='word_1_246' title='bbox 272 3661 505 3741; x_wconf 69' lang='lat' dir='ltr'>Cheimerion,</span> <span class='ocrx_word' id='word_1_247' title='bbox 520 3663 557 3729; x_wconf 91' lang='lat' dir='ltr'>in</span> <span class='ocrx_word' id='word_1_248' title='bbox 581 3664 694 3730; x_wconf 89' lang='lat' dir='ltr'>eodem</span> <span class='ocrx_word' id='word_1_249' title='bbox 719 3662 900 3741; x_wconf 90' lang='lat' dir='ltr'>hundredo,</span> <span class='ocrx_word' id='word_1_250' title='bbox 916 3684 975 3750; x_wconf 88' lang='lat' dir='ltr'>per</span> <span class='ocrx_word' id='word_1_251' title='bbox 1000 3683 1139 3750; x_wconf 79' lang='lat' dir='ltr'>parvam</span> <span class='ocrx_word' id='word_1_252' title='bbox 1154 3659 1357 3748; x_wconf 73' lang='lat' dir='ltr'>serjaniiam</span> <span class='ocrx_word' id='word_1_253' title='bbox 1379 3666 1415 3726; x_wconf 79' lang='lat' dir='ltr'>et</span> <span class='ocrx_word' id='word_1_254' title='bbox 1439 3660 1531 3727; x_wconf 77' lang='lat' dir='ltr'>valet</span> <span class='ocrx_word' id='word_1_255' title='bbox 1556 3684 1616 3750; x_wconf 89' lang='lat' dir='ltr'>per</span> <span class='ocrx_word' id='word_1_256' title='bbox 1639 3686 1774 3744; x_wconf 86' lang='lat' dir='ltr'>annum,</span> 
     </span>
     <span class='ocr_line' id='line_1_28' title="bbox 269 3753 1774 3840; baseline 0.001 -22"><span class='ocrx_word' id='word_1_257' title='bbox 269 3753 360 3818; x_wconf 73' lang='lat' dir='ltr'>ultre</span> <span class='ocrx_word' id='word_1_258' title='bbox 373 3753 516 3840; x_wconf 75' lang='lat' dir='ltr'>reprime</span> <span class='ocrx_word' id='word_1_259' title='bbox 860 3790 873 3803; x_wconf 95' lang='lat'><em>-</em></span> <span class='ocrx_word' id='word_1_260' title='bbox 1053 3787 1067 3802; x_wconf 93' lang='lat'><strong>·</strong></span> <span class='ocrx_word' id='word_1_261' title='bbox 1247 3787 1262 3798; x_wconf 95' lang='lat'>·</span> <span class='ocrx_word' id='word_1_262' title='bbox 1442 3788 1455 3800; x_wconf 96' lang='lat'>·</span> <span class='ocrx_word' id='word_1_263' title='bbox 1634 3791 1649 3802; x_wconf 95' lang='lat'>-</span> <span class='ocrx_word' id='word_1_264' title='bbox 1693 3777 1725 3819; x_wconf 86' lang='lat' dir='ltr'>x.</span> <span class='ocrx_word' id='word_1_265' title='bbox 1736 3755 1774 3821; x_wconf 82' lang='lat' dir='ltr'>li.</span> 
     </span>
    </p>
   </div>
   <div class='ocr_carea' id='block_1_8' title="bbox 272 3865 1773 4046">
    <p class='ocr_par' dir='ltr' id='par_1_8' title="bbox 272 3865 1773 4046">
     <span class='ocr_line' id='line_1_29' title="bbox 314 3865 1773 3957; baseline 0.001 -25"><span class='ocrx_word' id='word_1_266' title='bbox 314 3866 481 3946; x_wconf 76' lang='lat' dir='ltr'>debanna,</span> <span class='ocrx_word' id='word_1_267' title='bbox 496 3867 631 3933; x_wconf 86' lang='lat' dir='ltr'>domina</span> <span class='ocrx_word' id='word_1_268' title='bbox 645 3868 686 3933; x_wconf 89' lang='lat' dir='ltr'>de</span> <span class='ocrx_word' id='word_1_269' title='bbox 711 3868 934 3957; x_wconf 84' lang='lat' dir='ltr'>Bergevenne‚</span> <span class='ocrx_word' id='word_1_270' title='bbox 958 3869 1053 3932; x_wconf 72' lang='lat' dir='ltr'>tenet</span> <span class='ocrx_word' id='word_1_271' title='bbox 1076 3865 1263 3932; x_wconf 88' lang='lat' dir='ltr'>manerium</span> <span class='ocrx_word' id='word_1_272' title='bbox 1278 3865 1319 3931; x_wconf 90' lang='lat' dir='ltr'>de</span> <span class='ocrx_word' id='word_1_273' title='bbox 1346 3865 1571 3946; x_wconf 74' lang='lat' dir='ltr'>Effloanov,</span> <span class='ocrx_word' id='word_1_274' title='bbox 1597 3868 1634 3932; x_wconf 87' lang='lat' dir='ltr'>in</span> <span class='ocrx_word' id='word_1_275' title='bbox 1658 3868 1773 3934; x_wconf 91' lang='lat' dir='ltr'>eodem</span> 
     </span>
     <span class='ocr_line' id='line_1_30' title="bbox 272 3956 1773 4046; baseline 0.002 -24"><span class='ocrx_word' id='word_1_276' title='bbox 272 3957 452 4037; x_wconf 86' lang='lat' dir='ltr'>hundredo,</span> <span class='ocrx_word' id='word_1_277' title='bbox 463 3979 524 4046; x_wconf 87' lang='lat' dir='ltr'>per</span> <span class='ocrx_word' id='word_1_278' title='bbox 538 3979 677 4046; x_wconf 86' lang='lat' dir='ltr'>parvam</span> <span class='ocrx_word' id='word_1_279' title='bbox 693 3957 896 4045; x_wconf 75' lang='lat' dir='ltr'>eerjaubiam</span> <span class='ocrx_word' id='word_1_280' title='bbox 911 3961 946 4023; x_wconf 77' lang='lat' dir='ltr'>eb</span> <span class='ocrx_word' id='word_1_281' title='bbox 960 3956 1052 4024; x_wconf 76' lang='lat' dir='ltr'>valet</span> <span class='ocrx_word' id='word_1_282' title='bbox 1066 3977 1270 4042; x_wconf 83' lang='lat' dir='ltr'>perannum,</span> <span class='ocrx_word' id='word_1_283' title='bbox 1285 3956 1377 4022; x_wconf 78' lang='lat' dir='ltr'>ultre</span> <span class='ocrx_word' id='word_1_284' title='bbox 1387 3956 1530 4040; x_wconf 72' lang='lat' dir='ltr'>repr-isus</span> <span class='ocrx_word' id='word_1_285' title='bbox 1634 3993 1650 4007; x_wconf 94' lang='lat'><strong>·</strong></span> <span class='ocrx_word' id='word_1_286' title='bbox 1693 3957 1773 4026; x_wconf 72' lang='lat' dir='ltr'>xli.</span> 
     </span>
    </p>
   </div>
   <div class='ocr_carea' id='block_1_9' title="bbox 314 4121 709 4209">
    <p class='ocr_par' dir='ltr' id='par_1_9' title="bbox 314 4121 709 4209">
     <span class='ocr_line' id='line_1_31' title="bbox 314 4121 709 4209; baseline 0 -22"><span class='ocrx_word' id='word_1_287' title='bbox 314 4121 398 4189; x_wconf 77' lang='lat' dir='ltr'>Item</span> <span class='ocrx_word' id='word_1_288' title='bbox 415 4121 541 4202; x_wconf 78' lang='lat' dir='ltr'>dicuni,</span> <span class='ocrx_word' id='word_1_289' title='bbox 556 4121 645 4209; x_wconf 89' lang='lat' dir='ltr'>qued</span> <span class='ocrx_word' id='word_1_290' title='bbox 655 4144 709 4187; x_wconf 85' lang='lat'>:—</span> 
     </span>
    </p>
   </div>
   <div class='ocr_carea' id='block_1_10' title="bbox 849 4333 1176 4421">
    <p class='ocr_par' dir='ltr' id='par_1_10' title="bbox 849 4333 1176 4421">
     <span class='ocr_line' id='line_1_32' title="bbox 849 4333 1176 4421; baseline -0.003 -19"><span class='ocrx_word' id='word_1_291' title='bbox 849 4333 1176 4421; x_wconf 58' lang='lat' dir='ltr'>[Baunneuevu</span> 
     </span>
    </p>
   </div>
   <div class='ocr_carea' id='block_1_11' title="bbox 272 4487 1772 4758">
    <p class='ocr_par' dir='ltr' id='par_1_11' title="bbox 272 4487 1772 4758">
     <span class='ocr_line' id='line_1_33' title="bbox 316 4487 1771 4580; baseline 0.005 -26"><span class='ocrx_word' id='word_1_292' title='bbox 316 4488 484 4558; x_wconf 66' lang='lat' dir='ltr'>walterus</span> <span class='ocrx_word' id='word_1_293' title='bbox 500 4490 726 4580; x_wconf 85' lang='lat' dir='ltr'>Hungerford,</span> <span class='ocrx_word' id='word_1_294' title='bbox 741 4491 896 4558; x_wconf 77' lang='lat' dir='ltr'>dominus</span> <span class='ocrx_word' id='word_1_295' title='bbox 911 4490 952 4557; x_wconf 91' lang='lat' dir='ltr'>de</span> <span class='ocrx_word' id='word_1_296' title='bbox 967 4489 1194 4578; x_wconf 80' lang='lat' dir='ltr'>Hungerford,</span> <span class='ocrx_word' id='word_1_297' title='bbox 1210 4492 1244 4554; x_wconf 76' lang='lat' dir='ltr'>eb</span> <span class='ocrx_word' id='word_1_298' title='bbox 1258 4487 1317 4553; x_wconf 88' lang='lat' dir='ltr'>alii</span> <span class='ocrx_word' id='word_1_299' title='bbox 1332 4487 1461 4554; x_wconf 80' lang='lat' dir='ltr'>feoffcbi</span> <span class='ocrx_word' id='word_1_300' title='bbox 1476 4489 1603 4555; x_wconf 90' lang='lat' dir='ltr'>domini</span> <span class='ocrx_word' id='word_1_301' title='bbox 1626 4490 1771 4576; x_wconf 89' lang='lat' dir='ltr'>Henriei,</span> 
     </span>
     <span class='ocr_line' id='line_1_34' title="bbox 272 4577 1772 4682; baseline 0.002 -35"><span class='ocrx_word' id='word_1_302' title='bbox 272 4601 378 4668; x_wconf 82' lang='lat' dir='ltr'>nuper</span> <span class='ocrx_word' id='word_1_303' title='bbox 391 4581 480 4670; x_wconf 83' lang='lat' dir='ltr'>regie</span> <span class='ocrx_word' id='word_1_304' title='bbox 496 4580 621 4669; x_wconf 81' lang='lat' dir='ltr'>Anglie</span> <span class='ocrx_word' id='word_1_305' title='bbox 636 4581 756 4668; x_wconf 76' lang='lat' dir='ltr'>quinti,</span> <span class='ocrx_word' id='word_1_306' title='bbox 778 4586 896 4648; x_wconf 76' lang='lat' dir='ltr'>tenent</span> <span class='ocrx_word' id='word_1_307' title='bbox 909 4581 1059 4647; x_wconf 89' lang='lat' dir='ltr'>maneria</span> <span class='ocrx_word' id='word_1_308' title='bbox 1078 4580 1120 4644; x_wconf 90' lang='lat' dir='ltr'>de</span> <span class='ocrx_word' id='word_1_309' title='bbox 1143 4579 1357 4682; x_wconf 54' lang='lat' dir='ltr'>Kvnueffuuv</span> <span class='ocrx_word' id='word_1_310' title='bbox 1380 4577 1478 4644; x_wconf 77' lang='lat' dir='ltr'>Lacr</span> <span class='ocrx_word' id='word_1_311' title='bbox 1500 4582 1534 4644; x_wconf 79' lang='lat' dir='ltr'>eb</span> <span class='ocrx_word' id='word_1_312' title='bbox 1556 4579 1772 4650; x_wconf 71' lang='lat' dir='ltr'>Bmvnronn</span> 
     </span>
     <span class='ocr_line' id='line_1_35' title="bbox 273 4667 1402 4758; baseline -0.002 -22"><span class='ocrx_word' id='word_1_313' title='bbox 273 4671 409 4753; x_wconf 68' lang='lat' dir='ltr'>Formi,</span> <span class='ocrx_word' id='word_1_314' title='bbox 426 4669 517 4736; x_wconf 84' lang='lat' dir='ltr'>infra</span> <span class='ocrx_word' id='word_1_315' title='bbox 531 4671 657 4739; x_wconf 76' lang='lat' dir='ltr'>dicium</span> <span class='ocrx_word' id='word_1_316' title='bbox 673 4671 883 4739; x_wconf 85' lang='lat' dir='ltr'>hundredum</span> <span class='ocrx_word' id='word_1_317' title='bbox 898 4670 940 4737; x_wconf 85' lang='lat' dir='ltr'>de</span> <span class='ocrx_word' id='word_1_318' title='bbox 956 4669 1168 4758; x_wconf 85' lang='lat' dir='ltr'>Baddebury,</span> <span class='ocrx_word' id='word_1_319' title='bbox 1183 4689 1243 4755; x_wconf 90' lang='lat' dir='ltr'>pro</span> <span class='ocrx_word' id='word_1_320' title='bbox 1257 4689 1304 4754; x_wconf 69' lang='grc' dir='ltr'>ιη.</span> <span class='ocrx_word' id='word_1_321' title='bbox 1320 4667 1344 4734; x_wconf 82' lang='lat' dir='ltr'>f.</span> <span class='ocrx_word' id='word_1_322' title='bbox 1359 4690 1402 4734; x_wconf 89' lang='lat' dir='ltr'>m.</span> 
     </span>
    </p>
   </div>
   <div class='ocr_carea' id='block_1_12' title="bbox 275 4782 1773 4962">
    <p class='ocr_par' dir='ltr' id='par_1_12' title="bbox 275 4782 1773 4962">
     <span class='ocr_line' id='line_1_36' title="bbox 318 4782 1773 4874; baseline 0.001 -23"><span class='ocrx_word' id='word_1_323' title='bbox 318 4785 516 4872; x_wconf 83' lang='lat' dir='ltr'>Redulphue</span> <span class='ocrx_word' id='word_1_324' title='bbox 533 4783 650 4864; x_wconf 84' lang='lat' dir='ltr'>Bussh,</span> <span class='ocrx_word' id='word_1_325' title='bbox 665 4786 706 4852; x_wconf 91' lang='lat' dir='ltr'>de</span> <span class='ocrx_word' id='word_1_326' title='bbox 723 4783 889 4851; x_wconf 87' lang='lat' dir='ltr'>Caundell</span> <span class='ocrx_word' id='word_1_327' title='bbox 912 4784 1068 4862; x_wconf 87' lang='lat' dir='ltr'>Heddon,</span> <span class='ocrx_word' id='word_1_328' title='bbox 1092 4783 1129 4849; x_wconf 88' lang='lat' dir='ltr'>in</span> <span class='ocrx_word' id='word_1_329' title='bbox 1152 4783 1313 4850; x_wconf 73' lang='lat' dir='ltr'>comitatu</span> <span class='ocrx_word' id='word_1_330' title='bbox 1340 4782 1490 4861; x_wconf 79' lang='lat' dir='ltr'>Dorsebe‚</span> <span class='ocrx_word' id='word_1_331' title='bbox 1512 4787 1664 4874; x_wconf 84' lang='lat' dir='ltr'>armiger,</span> <span class='ocrx_word' id='word_1_332' title='bbox 1679 4794 1773 4858; x_wconf 77' lang='lat' dir='ltr'>tenet</span> 
     </span>
     <span class='ocr_line' id='line_1_37' title="bbox 275 4871 1460 4962; baseline -0.002 -22"><span class='ocrx_word' id='word_1_333' title='bbox 275 4875 462 4942; x_wconf 86' lang='lat' dir='ltr'>manerium</span> <span class='ocrx_word' id='word_1_334' title='bbox 477 4895 574 4941; x_wconf 81' lang='lat' dir='ltr'>suum</span> <span class='ocrx_word' id='word_1_335' title='bbox 590 4875 631 4941; x_wconf 90' lang='lat' dir='ltr'>de</span> <span class='ocrx_word' id='word_1_336' title='bbox 646 4874 768 4941; x_wconf 69' lang='lat' dir='ltr'><strong>PARVA</strong></span> <span class='ocrx_word' id='word_1_337' title='bbox 784 4875 987 4954; x_wconf 75' lang='lat' dir='ltr'>Krecnnm,</span> <span class='ocrx_word' id='word_1_338' title='bbox 1002 4896 1063 4962; x_wconf 91' lang='lat' dir='ltr'>per</span> <span class='ocrx_word' id='word_1_339' title='bbox 1077 4874 1288 4940; x_wconf 73' lang='lat' dir='ltr'>medietatem</span> <span class='ocrx_word' id='word_1_340' title='bbox 1304 4895 1360 4938; x_wconf 91' lang='lat' dir='ltr'>un.</span> <span class='ocrx_word' id='word_1_341' title='bbox 1378 4871 1402 4939; x_wconf 78' lang='lat' dir='ltr'>f.</span> <span class='ocrx_word' id='word_1_342' title='bbox 1418 4895 1460 4938; x_wconf 90' lang='lat' dir='ltr'>m.</span> 
     </span>
    </p>
   </div>
   <div class='ocr_carea' id='block_1_13' title="bbox 273 4987 1772 5167">
    <p class='ocr_par' dir='ltr' id='par_1_13' title="bbox 273 4987 1772 5167">
     <span class='ocr_line' id='line_1_38' title="bbox 314 4987 1772 5081; baseline 0.003 -26"><span class='ocrx_word' id='word_1_343' title='bbox 314 4989 497 5058; x_wconf 81' lang='lat' dir='ltr'>Nicholaus</span> <span class='ocrx_word' id='word_1_344' title='bbox 512 4989 700 5077; x_wconf 77' lang='lat' dir='ltr'>Syirevveet</span> <span class='ocrx_word' id='word_1_345' title='bbox 715 4995 809 5056; x_wconf 78' lang='lat' dir='ltr'>benet</span> <span class='ocrx_word' id='word_1_346' title='bbox 823 4991 1007 5057; x_wconf 89' lang='lat' dir='ltr'>manerium</span> <span class='ocrx_word' id='word_1_347' title='bbox 1021 5010 1119 5056; x_wconf 83' lang='lat' dir='ltr'>auum</span> <span class='ocrx_word' id='word_1_348' title='bbox 1135 4989 1258 5056; x_wconf 88' lang='lat' dir='ltr'>ibidem</span> <span class='ocrx_word' id='word_1_349' title='bbox 1273 4987 1358 5073; x_wconf 84' lang='lat' dir='ltr'>(acil.</span> <span class='ocrx_word' id='word_1_350' title='bbox 1374 4988 1411 5052; x_wconf 88' lang='lat' dir='ltr'>in</span> <span class='ocrx_word' id='word_1_351' title='bbox 1422 4987 1546 5054; x_wconf 75' lang='lat' dir='ltr'>Pnavn</span> <span class='ocrx_word' id='word_1_352' title='bbox 1555 4990 1772 5081; x_wconf 66' lang='lat' dir='ltr'>limenun),</span> 
     </span>
     <span class='ocr_line' id='line_1_39' title="bbox 273 5079 909 5167; baseline 0.002 -22"><span class='ocrx_word' id='word_1_353' title='bbox 273 5100 333 5166; x_wconf 87' lang='lat' dir='ltr'>per</span> <span class='ocrx_word' id='word_1_354' title='bbox 347 5085 500 5167; x_wconf 75' lang='lat' dir='ltr'>quartem</span> <span class='ocrx_word' id='word_1_355' title='bbox 516 5079 594 5166; x_wconf 80' lang='lat' dir='ltr'>(aie)</span> <span class='ocrx_word' id='word_1_356' title='bbox 609 5086 738 5167; x_wconf 73' lang='lat' dir='ltr'>parbem</span> <span class='ocrx_word' id='word_1_357' title='bbox 753 5103 809 5148; x_wconf 83' lang='lat' dir='ltr'>un,</span> <span class='ocrx_word' id='word_1_358' title='bbox 825 5079 851 5146; x_wconf 79' lang='lat' dir='ltr'>f.</span> <span class='ocrx_word' id='word_1_359' title='bbox 867 5103 909 5146; x_wconf 89' lang='lat' dir='ltr'>m.</span> 
     </span>
    </p>
   </div>
   <div class='ocr_carea' id='block_1_14' title="bbox 318 5189 1775 5297">
    <p class='ocr_par' dir='ltr' id='par_1_14' title="bbox 318 5189 1775 5297">
     <span class='ocr_line' id='line_1_40' title="bbox 318 5189 1775 5297; baseline 0.005 -38"><span class='ocrx_word' id='word_1_360' title='bbox 318 5193 434 5260; x_wconf 76' lang='lat' dir='ltr'>Abbue</span> <span class='ocrx_word' id='word_1_361' title='bbox 457 5192 499 5259; x_wconf 88' lang='lat' dir='ltr'>de</span> <span class='ocrx_word' id='word_1_362' title='bbox 525 5191 779 5281; x_wconf 75' lang='lat' dir='ltr'>Abboetesbury</span> <span class='ocrx_word' id='word_1_363' title='bbox 806 5199 899 5260; x_wconf 72' lang='lat' dir='ltr'>tenet</span> <span class='ocrx_word' id='word_1_364' title='bbox 923 5189 1058 5297; x_wconf 74' lang='lat' dir='ltr'>diverse</span> <span class='ocrx_word' id='word_1_365' title='bbox 1084 5200 1193 5295; x_wconf 65' lang='lat' dir='ltr'>berrae</span> <span class='ocrx_word' id='word_1_366' title='bbox 1217 5199 1253 5259; x_wconf 77' lang='lat' dir='ltr'>et</span> <span class='ocrx_word' id='word_1_367' title='bbox 1277 5197 1469 5258; x_wconf 79' lang='lat' dir='ltr'>tenemente</span> <span class='ocrx_word' id='word_1_368' title='bbox 1492 5195 1528 5258; x_wconf 91' lang='lat' dir='ltr'>in</span> <span class='ocrx_word' id='word_1_369' title='bbox 1551 5197 1665 5263; x_wconf 87' lang='lat' dir='ltr'>eadem</span> <span class='ocrx_word' id='word_1_370' title='bbox 1692 5201 1775 5268; x_wconf 88' lang='lat' dir='ltr'>villa</span> 
     </span>
    </p>
   </div>
   <div class='ocr_carea' id='block_1_15' title="bbox 274 5281 1774 5460">
    <p class='ocr_par' dir='ltr' id='par_1_15' title="bbox 274 5281 1774 5460">
     <span class='ocr_line' id='line_1_41' title="bbox 275 5281 1774 5372; baseline 0.005 -24"><span class='ocrx_word' id='word_1_371' title='bbox 275 5281 361 5366; x_wconf 71' lang='lat' dir='ltr'>(ecel.</span> <span class='ocrx_word' id='word_1_372' title='bbox 373 5282 409 5348; x_wconf 93' lang='lat' dir='ltr'>in</span> <span class='ocrx_word' id='word_1_373' title='bbox 424 5281 548 5348; x_wconf 69' lang='lat' dir='ltr'>PARVA</span> <span class='ocrx_word' id='word_1_374' title='bbox 575 5283 788 5368; x_wconf 68' lang='lat' dir='ltr'>amonem),</span> <span class='ocrx_word' id='word_1_375' title='bbox 803 5305 864 5371; x_wconf 88' lang='lat' dir='ltr'>per</span> <span class='ocrx_word' id='word_1_376' title='bbox 877 5288 1029 5372; x_wconf 75' lang='lat' dir='ltr'>quartem</span> <span class='ocrx_word' id='word_1_377' title='bbox 1045 5284 1121 5369; x_wconf 59' lang='lat' dir='ltr'>(aec)</span> <span class='ocrx_word' id='word_1_378' title='bbox 1144 5289 1275 5371; x_wconf 78' lang='lat' dir='ltr'>perbem</span> <span class='ocrx_word' id='word_1_379' title='bbox 1299 5304 1356 5347; x_wconf 91' lang='lat' dir='ltr'>un.</span> <span class='ocrx_word' id='word_1_380' title='bbox 1371 5282 1396 5348; x_wconf 86' lang='lat' dir='ltr'>f.</span> <span class='ocrx_word' id='word_1_381' title='bbox 1413 5304 1454 5348; x_wconf 88' lang='lat' dir='ltr'>m.</span> <span class='ocrx_word' id='word_1_382' title='bbox 1471 5287 1774 5365; x_wconf 62' lang='lat' dir='ltr'>amenissimum</span> 
     </span>
     <span class='ocr_line' id='line_1_42' title="bbox 274 5371 1473 5460; baseline 0.002 -24"><span class='ocrx_word' id='word_1_383' title='bbox 274 5371 400 5439; x_wconf 73' lang='lat' dir='ltr'>dicium</span> <span class='ocrx_word' id='word_1_384' title='bbox 416 5393 542 5438; x_wconf 87' lang='lat' dir='ltr'>annum</span> <span class='ocrx_word' id='word_1_385' title='bbox 558 5373 749 5440; x_wconf 84' lang='lat' dir='ltr'>vicesimum</span> <span class='ocrx_word' id='word_1_386' title='bbox 764 5375 851 5460; x_wconf 83' lang='lat' dir='ltr'>regie</span> <span class='ocrx_word' id='word_1_387' title='bbox 868 5372 1025 5440; x_wconf 77' lang='lat' dir='ltr'>Edwardi</span> <span class='ocrx_word' id='word_1_388' title='bbox 1042 5373 1141 5460; x_wconf 90' lang='lat' dir='ltr'>primi</span> <span class='ocrx_word' id='word_1_389' title='bbox 1157 5379 1234 5459; x_wconf 76' lang='lat' dir='ltr'>poet</span> <span class='ocrx_word' id='word_1_390' title='bbox 1248 5377 1473 5457; x_wconf 78' lang='lat' dir='ltr'>conquestum.</span> 
     </span>
    </p>
   </div>
   <div class='ocr_carea' id='block_1_16' title="bbox 0 0 2064 6199">
    <p class='ocr_par' dir='ltr' id='par_1_16' title="bbox 0 0 2064 6199">
     <span class='ocr_line' id='line_1_43' title="bbox 0 0 2064 6199; baseline 0 0"><span class='ocrx_word' id='word_1_391' title='bbox 0 0 2064 6199; x_wconf 95' lang='lat' dir='ltr'> </span> 
     </span>
    </p>
   </div>
  </div>
 </body>
</html>
