4117 6200
291 576 356 645 202
961 576 1119 647 ESSEX.

335 866 482 969 Ecclesiq
492 866 532 1017 (1ίῖ
547 868 732 933 Bnncnaue
749 866 867 935 Sarrom
884 868 989 935 Pannr
1002 873 1135 933 taxatur
1150 869 1190 934 ab
1205 870 1340 954 antiquo
1351 892 1401 937 xx.
1412 891 1545 939 marcas.
1594 872 1783 941 Subsidium

290 973 410 1037 xva.s.
426 975 496 1037 varj.
530 1005 538 1019 .

332 1092 459 1157 Vicaria
474 1092 619 1178 ejusdem
636 1100 769 1159 tasatur
784 1095 825 1158 ah
840 1096 975 1179 antiqno
990 1115 1053 1160 cs.
1102 1096 1303 1176 Subsidium,
1318 1119 1381 1163 x.s.

332 1231 475 1293 Ecclesia
498 1231 539 1294 de
562 1232 720 1298 Twssnnn
744 1253 809 1295 non
835 1236 976 1310 taxatur,
991 1233 1068 1315 quia
1083 1238 1160 1297 sunt
1174 1234 1237 1297 uisi
1254 1234 1326 1317 viij⁰
1354 1255 1487 1317 persone
1501 1234 1735 1318 inhabitantes,
1751 1245 1784 1302 et

286 1316 451 1381 domicilia
466 1324 624 1399 tenentes,
640 1329 736 1403 prout
751 1325 844 1403 patet
859 1340 915 1404 per
930 1321 1189 1403 inquisicionem.

328 1455 472 1523 Ecclesia
486 1458 527 1520 de
542 1457 700 1522 Massam>
716 1457 824 1522 Pansa
839 1462 970 1520 taxatur
984 1456 1024 1520 de
1041 1477 1124 1521 novo
1140 1457 1215 1523 xlc.
1265 1458 1466 1538 Subsidium,
1480 1460 1523 1544 vj.
1542 1458 1653 1549 cuja.

327 1593 469 1658 Ecclesia
494 1595 535 1659 de
558 1596 727 1672 Hansnan,
749 1616 824 1659 cum
848 1595 977 1672 vicaria,
1002 1599 1133 1659 taxatur
1157 1594 1199 1659 ab
1234 1598 1369 1680 antiquo
1404 1598 1492 1681 xxiij.
1520 1595 1557 1664 li.
1576 1598 1654 1683 vj.a.
1671 1596 1782 1685 viijd.

288 1679 487 1758 Subsidium,
501 1681 611 1765 xlvj.a.
628 1681 698 1766 viij.
714 1683 748 1748 d.

325 1819 369 1883 Et
390 1825 564 1885 onerantur
585 1841 681 1905 super
703 1825 891 1903 compotum
913 1822 954 1885 de
968 1820 1059 1905 sija.
1076 1818 1166 1904 iijd.
1184 1820 1234 1887 ob.
1252 1840 1282 1905 q.
1300 1821 1340 1886 de
1363 1822 1506 1886 subsidio
1530 1822 1566 1906 ij.
1592 1824 1781 1906 porcionum

282 1904 385 2057 iirxrihh
387 1928 517 2073 1q’ngaeas
540 1909 660 1994 priores
686 1908 727 1972 de
755 1906 858 1977 Stolrs
882 1912 917 1972 et
942 1904 1022 1971 Ooln
1047 1908 1223 1991 separatim
1247 1909 1434 1993 percipiunt
1460 1911 1494 1973 iu
1520 1908 1645 1989 eadem,
1683 1909 1781 1995 juxta

323 2130 367 2193 Et
381 2136 555 2195 onerantur
570 2153 664 2216 super
679 2136 866 2216 compotum
881 2132 921 2195 de
937 2152 966 2197 v.
974 2152 1001 2197 s.
1022 2132 1064 2195 de
1080 2131 1222 2196 subsidio
1237 2133 1403 2216 cujusdam
1419 2135 1583 2217 pancionis
1598 2134 1656 2201 l.s.
1680 2153 1778 2218 quam

276 2218 439 2300 capitulus
456 2216 528 2301 (sic)
548 2220 661 2288 Sancti
676 2219 769 2283 Pauli
786 2220 923 2303 percipit
937 2219 977 2284 de
991 2220 1114 2283 vicaria
1128 2220 1286 2303 predicta,
1299 2220 1396 2305 juxta
1410 2224 1558 2300 sormam,
1574 2222 1632 2289 dac.

322 2358 465 2423 Ecclesia
489 2361 530 2424 de
555 2360 719 2439 ansnan,
745 2380 818 2424 cum
847 2359 967 2424 vicaria
988 2357 1191 2448 [caracellcd],
1207 2365 1338 2426 taxatur
1361 2360 1403 2425 ab
1426 2362 1561 2445 antiquo
1586 2362 1629 2428 xl.
1645 2381 1777 2429 marcas.

281 2445 481 2525 Subsidium,
495 2446 592 2533 liij.s.
609 2447 671 2532 iiij.
687 2447 720 2515 d.

318 2586 446 2650 Vioaria
461 2586 608 2671 ejusdem
623 2590 753 2650 taxatur
767 2586 808 2651 ab
822 2587 955 2671 antiquo
972 2586 1041 2670 viij.
1059 2606 1192 2655 marcas.
1239 2586 1440 2667 Subsidium,
1456 2609 1519 2653 ma.
1537 2585 1648 2671 viij.cl.

205 2763 208 2767 -
318 2725 461 2790 Ecclesia
476 2726 517 2790 de
533 2728 688 2793 Pmsnan
711 2731 842 2790 taxatur
857 2727 1047 2810 abantiquo
1062 2726 1131 2811 viij.
1150 2748 1285 2793 marcas.
1342 2727 1543 2805 Subsidium,
1567 2727 1646 2794 vis.
1663 2726 1775 2812 viijd.

276 2862 457 3013 mEplclssia
469 2863 510 2927 de
527 2863 766 2931 Sonannnsoran
779 2866 911 2928 taxatur
926 2862 966 2927 ah
989 2864 1125 2946 antiquo
1149 2864 1226 2949 xxij.
1242 2883 1374 2931 marcas.
1431 2862 1632 2943 Subsidium,
1656 2863 1773 2931 ruins.

273 2970 336 3035 uq.
370 2999 377 3015 .

314 3088 358 3152 Et
383 3092 560 3153 onerantur
581 3109 679 3172 snper
703 3099 891 3173 compotum
915 3088 955 3153 de
982 3086 1083 3173 xtjd.
1111 3090 1151 3154 de
1175 3089 1314 3154 subsidio
1338 3088 1506 3171 cujusdam
1529 3090 1687 3174 porcionis
1704 3113 1733 3157 x.
1743 3111 1771 3155 a.

270 3198 368 3260 quam
383 3176 481 3240 abbas
499 3178 610 3244 Sancti
628 3175 700 3256 (sic)
720 3176 834 3242 Osithe
848 3177 989 3260 percipit
1002 3179 1039 3240 in
1054 3175 1168 3241 ecdem
1180 3176 1277 3261 juxta
1292 3177 1440 3259 formam,
1456 3176 1513 3242 dac.

310 3316 452 3380 Ecclesia
466 3316 506 3380 de
524 3316 654 3384 Sauras
669 3320 799 3408 taxatur
813 3315 854 3380 de
870 3317 1005 3400 antiquo
1019 3337 1047 3380 c.
1060 3337 1086 3382 s.
1150 3316 1351 3394 Subsidium,
1376 3315 1420 3399 vj.
1431 3335 1457 3382 s.
1484 3317 1554 3400 viij.
1565 3315 1599 3381 d.

309 3453 358 3516 De
372 3453 481 3536 aliquo
496 3452 639 3517 subsidio
665 3452 701 3535 ij.
718 3453 905 3537 porcionum
927 3451 1056 3536 xviij.s.
1079 3451 1187 3536 iiijd.
1215 3473 1295 3535 quas
1319 3452 1481 3517 abbatissa
1507 3453 1547 3516 de
1570 3415 1722 3531 Oadorno,
1736 3457 1770 3516 et

268 3540 405 3604 vicarius
420 3543 461 3603 de
477 3539 607 3604 Felsted
621 3540 808 3624 percipiunt
822 3540 857 3603 in
871 3539 997 3616 eadem,
1011 3559 1077 3602 non
1093 3539 1300 3622 respondent,
1315 3561 1352 3604 eo
1374 3539 1461 3624 quod
1485 3543 1611 3604 taxacio
1636 3539 1767 3604 ecclesie

267 3627 423 3711 predicte,
438 3647 513 3690 cum
528 3627 677 3710 porcione
692 3627 849 3709 predicta,
863 3647 928 3690 non
944 3627 1115 3711 attingunt
1130 3647 1290 3690 summam
1306 3649 1335 3694 x.
1352 3648 1543 3707 marcarum,
1553 3626 1659 3711 juxta,
1676 3625 1734 3692 Sc.

307 3764 452 3829 Ecclesia
466 3765 507 3828 de
522 3765 631 3830 Panva
645 3765 761 3830 Rarus
777 3767 906 3828 taxatur
919 3765 961 3828 ab
974 3765 1110 3849 antiquo
1125 3765 1195 3850 viij.
1213 3762 1252 3831 li.
1301 3765 1501 3845 Subsidium,
1516 3765 1615 3849 xvja.

305 3903 448 3968 Ecclesia
460 3903 502 3967 de
513 3904 733 3969 Meuanasou
749 3906 879 3966 taxatur
894 3902 1085 3986 abantiquo
1101 3925 1129 3968 x.
1144 3923 1274 3970 marcas.
1316 3903 1518 3982 Subsidium,
1535 3902 1605 3988 xiij.
1616 3924 1642 3969 s.
1656 3903 1717 3988 iiij.
1729 3901 1764 3970 d.

304 4042 448 4106 Ecclesia
461 4042 501 4105 de
516 4041 723 4108 Lsuuaascu
741 4045 870 4104 taxatur
879 4040 921 4105 ab
935 4044 1083 4124 antiquo,
1098 4064 1128 4107 x.
1138 4062 1273 4107 marcas.
1318 4040 1519 4118 Subsidium,
1533 4040 1602 4126 xiij.
1614 4062 1640 4107 a.
1653 4041 1717 4126 iiij.
1728 4039 1762 4107 d.

305 4182 448 4246 Ecclesia
462 4180 502 4244 de
517 4182 718 4248 Baranaoorr
731 4184 861 4246 taxatur
874 4181 915 4245 ah
929 4180 1065 4265 antiquo
1081 4203 1131 4247 xx.
1150 4179 1187 4246 li.
1237 4180 1437 4258 Subsidium,
1452 4179 1529 4246 xl.s.

287 4322 448 4473 ..E‘sslm
472 4321 513 4384 de
536 4323 697 4388 Barasasa
719 4344 762 4387 an
792 4322 926 4388 'lusani
952 4325 1084 4386 taxatur
1107 4321 1148 4384 de
1174 4341 1257 4384 novo
1280 4319 1350 4403 viij.
1368 4317 1405 4383 li.
1455 4318 1654 4398 Subsidium,
1680 4318 1723 4404 vj.
1736 4339 1763 4386 a.

264 4430 334 4494 an.
371 4459 379 4476 .
1369 4473 1371 4478 .

304 4548 451 4613 Ecclesia
464 4547 505 4610 de
521 4547 677 4616 Gosrann
692 4551 821 4613 taxatur
836 4547 877 4611 de
892 4566 976 4612 novo
990 4547 1033 4614 xi.
1045 4568 1071 4612 s.
1121 4544 1322 4624 Subsidium,
1339 4545 1384 4630 vj.
1395 4565 1422 4610 s.
1441 4544 1511 4628 viij.
1522 4542 1557 4610 d.

174 4719 178 4726 ι
301 4685 443 4749 Ecclesia
455 4686 497 4749 de
511 4685 669 4753 Maesnnn
684 4686 806 4754 Macris
820 4690 951 4751 taxatur
965 4685 1007 4750 ab
1023 4686 1161 4770 antiquo
1176 4683 1246 4770 viij.
1264 4682 1302 4750 li.
1351 4683 1554 4760 Subsidium,
1569 4680 1667 4766 xvj.s.

301 4822 345 4886 Et
368 4827 540 4885 onerantur
565 4842 660 4907 super
685 4828 873 4908 compotum
899 4823 940 4888 de
963 4822 1019 4907 xij.
1047 4820 1080 4888 d.
1106 4822 1148 4886 de
1164 4821 1310 4890 subsidio
1324 4820 1496 4906 cujusdam
1510 4818 1671 4905 porcionis
1686 4839 1716 4888 x.
1732 4838 1760 4886 a.

257 4929 355 4993 quam
370 4910 455 4993 prior
468 4910 508 4972 de
523 4906 603 4973 (loln
618 4911 758 4993 percipit
771 4913 807 4972 in
822 4910 948 4988 eadem,
958 4909 1057 4993 juxta
1072 4910 1221 4989 formam,
1239 4908 1297 4975 dcc.

299 5045 442 5110 Ecclesia
465 5046 507 5109 de
530 5046 710 5112 Mrnnnucu
734 5052 866 5111 taxatur
889 5047 932 5112 ab
958 5049 1093 5132 antiquo
1121 5065 1188 5114 ca.
1222 5047 1338 5131 paucio
1364 5045 1487 5110 ibidem
1516 5043 1623 5128 xiij.s.
1650 5041 1758 5128 iiijd.

262 5129 420 5220 [maced]
466 5133 678 5216 Nichi1‚quia
693 5135 728 5196 in
744 5132 1027 5218 eadempatochia
1047 5155 1112 5198 nou
1132 5143 1210 5200 sunt
1234 5135 1346 5197 decem
1369 5151 1505 5217 persone
1526 5130 1759 5209 inhabitantes,

256 5232 291 5285 st
306 5221 471 5285 domicilia
486 5227 649 5300 tenentes,
665 5226 762 5306 prout
778 5225 869 5305 patet
884 5242 943 5306 per
957 5223 1219 5306 inquisicionem.

300 5357 443 5423 Ecclesia
457 5359 497 5424 de
510 5361 678 5428 Bauuoorr
694 5365 728 5425 et
742 5361 904 5428 Biannos.
949 5359 1074 5440 Nichil,
1089 5362 1165 5445 quia
1181 5363 1217 5424 in
1233 5359 1344 5425 eadem
1371 5377 1435 5424 nou
1459 5362 1538 5422 sunt
1553 5361 1587 5424 x·
1622 5375 1756 5442 persons

254 5443 488 5525 inhabitantes,
502 5451 537 5512 et
552 5447 755 5511 domicilium
771 5452 934 5525 tenentes,
950 5454 1048 5531 prout
1063 5453 1156 5532 patet
1171 5468 1226 5531 per
1241 5446 1501 5530 inquisicionem.
