4117 6200
869 619 954 686 AJ).
982 623 1077 685 1285.
1703 625 1745 688 25

288 838 466 926 Ingrernue
481 837 643 904 Welensis
668 836 788 903 clamet
812 834 933 900 hebere
957 835 1147 900 libertatem
1172 835 1208 898 in
1232 833 1380 900 manerio
1407 856 1466 900 suo
1490 836 1531 900 de
1546 835 1747 916 heremod,

243 930 399 996 videlicet
423 929 578 994 emendes
609 927 650 994 de
677 928 780 992 assisa
801 926 895 1011 penis
919 941 953 991 et
980 924 1120 991 cervisie
1147 946 1215 990 nen
1238 930 1382 1004 servate,
1406 931 1440 990 et
1467 926 1575 991 visum
1603 926 1746 994 frenehii

243 1021 351 1110 plegii,
368 1025 402 1087 et
418 1041 481 1106 que
496 1019 538 1086 ed
556 1019 663 1086 visum
682 1017 827 1084 trenchii
844 1017 945 1102 plegii
961 1016 1141 1102 pertinent,
1158 1020 1210 1084 set
1225 1015 1378 1083 nesciunt
1393 1036 1460 1101 quo
1475 1021 1635 1082 werento.

289 1345 435 1412 Nomine
451 1347 660 1410 dominorum
677 1343 942 1430 supradictarum
958 1340 1116 1406 villarum
1130 1365 1183 1406 :-

290 1487 442 1552 Metillde
456 1487 497 1552 de
513 1487 681 1552 Heselden
698 1490 748 1550 est
762 1484 896 1549 domine
912 1484 952 1548 de
968 1483 1191 1561 BRADrLers,
1208 1487 1243 1548 et
1258 1483 1421 1552 Ricerdus
1437 1485 1568 1551 Pollerd
1581 1492 1615 1554 et
1632 1486 1750 1554 Petrus

246 1579 277 1643 le
294 1578 386 1643 Gode
401 1581 481 1642 sunt
491 1577 658 1663 juratores
674 1575 714 1640 de
731 1575 877 1663 predicte
893 1574 979 1638 villa.

291 1690 462 1757 Gelfridus
486 1692 527 1757 de
553 1690 743 1776 Gleunvyle
772 1695 822 1754 est
848 1688 1002 1754 dominus
1026 1687 1068 1752 de
1095 1685 1206 1764 cnm,
1232 1693 1266 1753 et
1293 1687 1394 1777 Hugo
1420 1690 1461 1754 de
1489 1690 1690 1758 Bubecnolle
1715 1698 1750 1759 et

246 1782 432 1848 Willelmus
447 1782 488 1847 de
506 1781 711 1868 Sherpeford
727 1783 807 1845 sunt
817 1779 985 1865 juratores
1001 1777 1043 1842 de
1057 1777 1207 1863 predicte
1222 1777 1315 1842 ville.

289 1895 470 1962 Abbatisse
487 1893 663 1961 Sheftonie
679 1897 730 1959 est
746 1893 880 1958 domine
895 1892 936 1957 de
952 1891 1092 1969 Herm,
1103 1891 1269 1958 Redulfus
1286 1892 1431 1959 Richerd
1447 1899 1481 1960 et
1497 1895 1597 1982 Hugo
1613 1898 1644 1962 le
1659 1898 1753 1964 Firse

246 1991 326 2051 sunt
335 1986 504 2071 juratores
520 1986 561 2051 de
576 1985 727 2071 predicte
743 1982 831 2048 ville.

292 2102 378 2168 Item
401 2102 515 2167 eedem
539 2101 709 2166 abbatisse
732 2104 783 2166 eet
807 2100 941 2164 domine
965 2100 1007 2165 de
1033 2098 1237 2176 Ermum,
1254 2105 1289 2166 et
1314 2099 1480 2168 Henricus
1505 2101 1693 2170 Loveheter
1718 2111 1752 2173 et

247 2192 411 2258 Henricus
427 2191 567 2257 Beldere
583 2195 663 2257 sunt
674 2191 843 2277 jureteres
858 2188 899 2254 dc
916 2190 1066 2276 predicte
1081 2189 1171 2254 ville.

290 2307 377 2372 Item
392 2306 507 2372 eedem
525 2305 694 2371 ebbetisse
709 2310 760 2370 est
779 2304 914 2370 domine
929 2304 970 2368 de
987 2304 1286 2383 Bmcnrmwrm,
1302 2310 1336 2372 et
1352 2305 1534 2374 Nicholeus
1549 2309 1752 2397 Beldewyne

247 2403 281 2464 et
296 2397 462 2464 Henrieus
477 2396 508 2460 le
523 2395 585 2461 Vie
601 2401 681 2460 sunt
692 2396 860 2481 juratores
877 2394 918 2459 de
934 2394 1086 2480 predicte
1102 2393 1191 2459 ville

292 2512 377 2578 Item
404 2511 576 2576 Jehennes
597 2510 728 2575 Russell
755 2514 807 2575 est
836 2508 990 2573 dominus
1018 2508 1060 2572 de
1088 2507 1276 2586 Esr'rINAM,
1301 2514 1335 2575 et
1366 2511 1528 2579 Ricardus
1551 2513 1582 2579 le
1608 2515 1694 2582 Vide
1720 2524 1754 2584 et

246 2602 389 2667 Thomas
407 2600 616 2688 Seyndeloue
632 2605 712 2665 sunt
723 2601 891 2684 juratores
907 2599 948 2663 de
964 2597 1114 2684 predicte
1128 2597 1216 2664 ville

293 2717 387 2782 Prior
411 2716 453 2781 de
480 2715 615 2781 Werern
640 2720 674 2780 et
699 2714 885 2780 Willeimus
912 2711 982 2800 Dyl
1005 2717 1085 2779 sunt
1101 2713 1227 2779 domini
1243 2716 1284 2779 dc
1299 2715 1380 2780 ville
1395 2716 1436 2782 de
1452 2717 1706 2806 Eessmssrorr,
1721 2731 1755 2793 et

247 2807 270 2871 J
272 2807 416 2872 ohannes
431 2806 461 2872 le
477 2807 596 2871 Better
611 2810 644 2870 et
659 2804 831 2870 Iohannes
847 2804 888 2868 de
904 2803 1089 2868 Blekewell
1105 2809 1186 2868 sunt
1196 2805 1366 2890 juratores
1382 2806 1422 2871 de
1438 2809 1588 2894 predicte
1603 2813 1693 2880 ville

293 2920 377 2986 Item
404 2921 575 2986 Iohannes
600 2919 731 2984 Russell
757 2925 791 2984 et
817 2916 1002 2983 Willelmus
1029 2917 1099 3004 Dyl
1123 2922 1159 2982 et
1185 2919 1356 2985 Johennes
1379 2921 1420 2988 de
1444 2922 1653 2994 Smedemore
1676 2938 1756 2997 sunt

249 3010 374 3075 demini
390 3010 430 3076 de
447 3009 746 3086 CHUROHEUNAM,
762 3013 796 3074 et
824 3007 991 3073 Robertus
1017 3007 1167 3074 Rendolf
1191 3013 1225 3073 et
1251 3009 1422 3077 Johenncs
1448 3011 1565 3106 Bugge
1587 3024 1668 3086 sunt
1691 3022 1756 3088 duo

245 3102 412 3187 juratores
428 3101 468 3167 de
484 3101 635 3187 predicte
650 3099 740 3165 ville.

295 3218 380 3283 Item
408 3217 511 3281 ebbae
537 3217 578 3281 de
606 3214 713 3283 Cerne
745 3220 794 3280 est
825 3215 980 3279 dominus
1011 3214 1052 3278 de
1081 3211 1255 3291 Currere,
1282 3220 1317 3283 et
1348 3216 1514 3285 Henricus
1541 3222 1698 3313 Olodorig
1722 3234 1757 3294 et

250 3306 432 3373 Nicholeus
447 3306 488 3371 de
505 3306 664 3391 Cumerig
680 3310 759 3371 eunt
769 3306 938 3391 juratores
955 3303 995 3369 de
1011 3303 1161 3390 predicte
1175 3303 1264 3368 ville,

295 3422 381 3487 Item
406 3421 509 3486 abbas
536 3422 576 3485 de
601 3422 668 3486 Bec
694 3426 745 3485 est
773 3420 926 3485 dominus
954 3418 994 3483 de
1016 3418 1757 3516 POV1NTON,etRicerdusdeWyteweycet

251 3512 394 3577 Thomes
411 3512 562 3599 Gerveys
579 3516 659 3575 sunt
669 3510 839 3595 juratores
854 3511 894 3574 de
910 3509 1060 3595 predicte
1076 3508 1163 3573 ville.

297 3627 383 3693 Item
410 3647 518 3692 comes
545 3624 748 3691 Gloucestrie
773 3630 824 3690 est
850 3625 1005 3690 dominus
1032 3622 1073 3688 de
1099 3622 1239 3689 ONOLLE
1270 3630 1305 3691 et
1336 3624 1500 3708 STYPELE,
1527 3638 1561 3699 et
1587 3635 1758 3704 Iohannes

252 3716 392 3804 Gyfferd
408 3722 442 3783 et
457 3716 622 3781 Robertus
639 3714 800 3801 Konquer
814 3720 894 3780 sunt
904 3714 1074 3801 juratores
1089 3714 1130 3779 de
1146 3714 1296 3801 predicte
1311 3717 1399 3782 ville

296 3831 383 3897 Item
407 3830 607 3919 Engremius
630 3829 660 3894 le
676 3828 812 3916 Weleys
828 3834 879 3894 est
894 3828 1049 3893 dominus
1064 3828 1105 3893 de
1121 3826 1322 3910 LINGETONJ
1337 3838 1373 3897 ct
1387 3838 1480 3903 tenet
1495 3838 1536 3904 de
1551 3862 1628 3929 rege
1643 3844 1665 3908 i.
1681 3866 1706 3911 c.
1723 3852 1759 3913 et

250 3920 352 3987 hebet
363 3920 466 3985 libere
478 3924 629 3985 tenentes
642 3919 797 3985 videlicet
811 3918 991 3983 Robertum
1001 3919 1043 3982 de
1056 3917 1259 4004 Sherpeford
1270 3925 1304 3986 et
1314 3921 1491 3991 Ricardum
1504 3929 1545 3993 de
1558 3929 1758 4013 Smedefflffl,

251 4011 309 4097 qui
324 4016 417 4077 tenet
431 4009 511 4097 (sic)
527 4010 568 4074 de
584 4009 734 4095 predicto
751 4007 931 4097 Engremio
946 4008 1120 4072 dimidiam
1137 4008 1263 4094 hydam
1280 4016 1377 4089 terre,
1393 4018 1428 4079 ct
1442 4023 1521 4083 sunt
1534 4019 1701 4104 juratores
1716 4026 1758 4093 de

251 4100 400 4189 prodiet
416 4099 497 4165 ville
512 4100 578 4163 suo
595 4100 710 4165 verani
728 4099 883 4165 viseret
897 4098 1070 4165 Johennes
1088 4097 1212 4184 rythel
1228 4106 1262 4164 et
1278 4100 1459 4169 Nieholaus
1474 4106 1516 4173 de
1532 4108 1626 4176 Mari·

298 4215 384 4281 Item
402 4212 522 4281 Sibille
537 4214 748 4279 Meurewerd
764 4220 815 4317 est
830 4214 965 4278 demine
979 4213 1020 4279 de
1037 4212 1278 4316 Wrrtsrlfflsosrr
1294 4216 1537 4300 MAUREWARD,
1553 4230 1588 4290 et
1613 4226 1711 4315 Hugo
1727 4230 1759 4297 le

254 4306 304 4371 Ro
320 4308 355 4371 et
369 4304 538 4369 Walterus
555 4303 682 4369 Westel
697 4308 777 4370 sunt
787 4308 955 4389 juratores
971 4303 1012 4368 de
1028 4303 1177 4390 predicte
1193 4303 1283 4369 ville.

300 4420 387 4485 Item
406 4419 524 4487 dicunt
538 4418 678 4505 predicti
690 4418 858 4505 juratores
889 4417 977 4503 quod
1003 4417 1262 4484 constebelerius
1276 4424 1377 4487 cestri
1398 4423 1440 4488 de
1460 4424 1550 4506 Corf,
1571 4433 1712 4519 percipit
1724 4436 1760 4501 in

257 4510 429 4576 hundredo
439 4510 480 4576 de
492 4509 627 4574 Aselore
639 4508 685 4595 iij.
696 4508 728 4577 d.
740 4530 800 4594 pro
811 4508 959 4594 quolibet
975 4506 1137 4583 breccino,
1162 4507 1215 4572 vel
1226 4509 1283 4595 xij.
1295 4510 1430 4597 legeres
1449 4517 1585 4583 cervisie
1597 4542 1658 4606 pro
1671 4524 1715 4612 iij.
1726 4526 1751 4592 d

258 4600 344 4665 Item
373 4599 514 4685 percipit
537 4599 626 4663 idem
656 4598 913 4664 constebelerius
927 4597 969 4661 de
983 4596 1138 4661 Johenne
1154 4595 1195 4662 de
1222 4598 1343 4665 Stokes
1358 4602 1415 4687 xij.
1428 4603 1458 4670 d.
1475 4627 1536 4693 pro
1550 4611 1694 4700 ceriegio
1711 4616 1752 4682 de

256 4694 346 4755 terre
369 4709 430 4753 sue
453 4689 490 4752 in
513 4688 660 4755 decenne
686 4688 727 4752 de
743 4686 855 4753 ORYK.
901 4686 988 4751 Item
1004 4685 1045 4751 de
1059 4685 1224 4753 Willelmo
1235 4689 1276 4753 de
1290 4689 1418 4757 Clevile
1435 4694 1479 4760 ix.
1496 4696 1527 4762 d.
1538 4720 1598 4783 pro
1613 4705 1680 4769 ceri
1727 4707 1759 4772 '0

257 4780 413 4844 deterre
439 4798 500 4843 sue
525 4779 562 4842 in
587 4777 733 4844 decenne
756 4776 797 4841 de
829 4777 1028 4841 ΒΒΑΒΕιΕΥι
1074 4775 1161 4841 Item
1188 4777 1229 4843 de
1253 4779 1419 4849 Willelmo
1445 4784 1487 4851 de
1511 4786 1711 4861 Cheldecote
1727 4802 1762 4863 et

257 4867 424 4935 cristiana
446 4867 481 4933 le
505 4867 742 4953 Freunkeleyn
766 4865 825 4952 xij.
840 4864 872 4931 d.
889 4887 949 4952 pro
975 4865 1121 4953 ceriegio
1143 4867 1185 4931 de
1211 4874 1301 4935 terre
1323 4893 1385 4937 sue
1402 4874 1439 4939 in
1454 4874 1628 4949 Omma.
1673 4884 1761 4953 Item

258 4958 327 5043 [de]
355 4957 508 5023 Gelfrido
524 4958 565 5022 de
581 4956 760 5023 Gleunvile
784 4954 883 5042 xijd.
911 4977 971 5042 pro
995 4961 1085 5021 terre
1110 4978 1171 5022 sue
1193 4958 1228 5022 in
1246 4958 1348 5025 CRYK
1363 4963 1404 5028 de
1420 4966 1572 5055 ceriegio.
1618 4972 1704 5039 Item
1720 4978 1763 5043 <le

258 5048 403 5113 decenne
426 5048 467 5112 de
485 5047 628 5114 ONOLLE
645 5052 679 5110 et
697 5044 852 5111 srrrrm
876 5066 936 5131 pro
957 5046 1100 5134 ceriegio
1123 5047 1193 5132 ij.e.
1239 5047 1326 5115 Item
1350 5053 1468 5120 villeta
1494 5058 1535 5123 de
1556 5059 1688 5129 HARNE
1703 5067 1763 5133 det

258 5158 319 5222 pro
334 5138 446 5203 eodem
463 5137 497 5223 ij.
510 5158 533 5203 s.
580 5136 668 5202 Item
686 5136 726 5199 de
743 5136 823 5200 ville
838 5135 880 5199 de
896 5135 1056 5200 serrem
1076 5158 1136 5221 pro
1152 5138 1266 5201 eedem
1278 5140 1335 5223 xij.
1347 5141 1380 5207 d.
1428 5144 1516 5211 Item
1531 5150 1573 5215 <le
1589 5152 1707 5221 villata
1721 5154 1763 5222 de

258 5226 545 5294 Geencnrrmm
572 5247 634 5313 pro
664 5226 777 5292 eodem
805 5225 862 5311 xij.
873 5225 903 5290 d.
951 5224 1039 5289 Item
1055 5226 1096 5290 de
1112 5225 1219 5302 Petro,
1232 5224 1413 5315 Cepelleno
1429 5234 1470 5301 de
1486 5236 1568 5303 corf
1621 5263 1658 5308 ro
1674 5250 1764 5310 terre

256 5337 317 5381 sue
339 5316 375 5381 in
404 5318 598 5381 Betnsesr
615 5314 674 5400 xij.
689 5314 720 5379 d.
767 5316 854 5381 Item
871 5314 911 5379 de
926 5313 1117 5380 hominibus
1136 5315 1267 5382 ebbetis
1293 5319 1334 5385 de
1361 5322 1472 5391 Cerne
1487 5292 1577 5412 epud
1594 5262 1760 5398 densere

258 5406 292 5489 ij.
305 5428 329 5469 e.
375 5406 460 5472 Item
485 5407 526 5471 de
549 5406 720 5470 abbatisse
744 5404 921 5470 Sheitonic
946 5426 1007 5489 pro
1032 5405 1146 5470 eedem
1162 5406 1203 5469 de
1219 5409 1308 5472 terre
1323 5431 1384 5475 sue
1399 5413 1434 5476 in
1452 5412 1646 5483 Erscunsrr
1660 5422 1717 5503 xij.
1731 5423 1762 5486 d.

260 5494 344 5559 Item
372 5496 411 5561 de
437 5496 557 5563 ebbete
582 5495 623 5559 de
650 5494 713 5560 Bcc
738 5516 797 5581 pro
825 5500 914 5562 terre
942 5515 1000 5558 sue
1028 5494 1064 5559 in
1088 5495 1272 5559 Povmros
1287 5519 1347 5581 pro
1363 5502 1475 5566 codem
1492 5506 1584 5589 xviij.
1597 5506 1628 5570 d.
1675 5508 1762 5573 Item
