4117 6200
913 656 996 725 al).
1020 658 1113 721 1428.
1701 656 1760 722 187

309 949 357 1013 De
371 950 480 1034 aliquo
494 948 637 1013 subsidio
652 947 818 1033 cujusdam
833 948 992 1032 porcionis
1007 968 1059 1013 xx.
1076 971 1102 1013 s.
1119 967 1216 1031 quam
1232 948 1318 1031 prior
1333 946 1373 1011 de
1389 946 1562 1011 Donemow
1577 948 1714 1032 precipit
1726 951 1763 1012 in

267 1037 639 1189 ‹ellsffilclilfaoetlfflz’tellon
665 1036 870 1120 respondent,
895 1056 933 1101 eo
956 1035 1042 1120 quod
1068 1055 1132 1099 non
1160 1041 1236 1099 sunt
1259 1035 1381 1100 ibidem
1404 1035 1518 1101 decem
1545 1036 1763 1101 inhabitantes

311 1258 457 1323 Ecclesia
471 1257 513 1323 de
530 1258 644 1328 Srou'n
659 1260 789 1322 taxatur
810 1256 852 1321 ab
867 1256 1000 1341 antiquo
1015 1277 1046 1321 x.
1065 1277 1196 1322 marcas.
1243 1254 1439 1336 Subsidium,
1454 1256 1524 1341 xiij.
1537 1280 1563 1324 s.
1579 1256 1641 1343 iiij.
1654 1258 1687 1324 cl.

311 1396 456 1461 Ecclesia
470 1396 511 1461 de
527 1396 641 1462 Puana
656 1399 786 1458 taxatur
800 1393 840 1457 ab
855 1394 989 1478 antiquo
1004 1392 1094 1477 xviij.
1112 1413 1244 1459 marcas.
1291 1392 1477 1457 Subsidium
1491 1394 1616 1479 xxxiiij.
1626 1420 1653 1461 a.

311 1534 356 1598 Et
378 1538 554 1598 onerantur
575 1554 670 1618 super
683 1537 869 1615 compotum
884 1533 925 1597 de
939 1532 1003 1615 xvj.
1019 1554 1045 1595 s.
1063 1532 1104 1595 de
1119 1532 1260 1595 subsidio
1275 1531 1443 1615 cujusdam
1458 1532 1626 1617 pensionis
1642 1498 1710 1618 viij.
1728 1537 1762 1600 Ii.

269 1643 364 1705 quam
380 1622 467 1707 prior
480 1622 522 1685 de
536 1621 663 1685 Horton
678 1620 815 1705 precipit
829 1622 863 1683 in
880 1620 992 1683 eadem
1008 1619 1155 1697 ecclesia,
1170 1619 1320 1684 videlicet
1334 1618 1427 1701 juxta
1441 1620 1589 1699 formam,
1605 1620 1662 1687 dcc.

311 1759 357 1823 Et
371 1763 546 1823 onerantur
560 1779 653 1842 super
667 1760 854 1841 compotum
869 1758 909 1821 dc
923 1754 985 1840 iiij.
999 1780 1025 1821 s.
1049 1756 1118 1833 viii.
1132 1757 1163 1821 d.
1180 1756 1220 1819 de
1245 1756 1388 1821 subsidio
1414 1756 1581 1841 cujusdam
1608 1760 1765 1843 porcionis

269 1846 343 1930 xlvj.
356 1871 382 1912 a.
407 1848 475 1911 viii.
487 1847 518 1911 cl.
535 1866 633 1929 quam
647 1846 796 1929 priorissa
810 1845 848 1908 de
864 1843 983 1928 Wylres
999 1843 1139 1928 percipit
1153 1845 1189 1906 in
1204 1845 1318 1909 eadem
1339 1844 1484 1923 ecclesia,
1501 1845 1651 1911 videlicet
1670 1845 1766 1930 juxta

269 1932 405 1998 sormam
419 1935 639 2013 concessionis,
654 1932 710 1998 dec.

262 2071 525 2225 ΥΙξίοοΙςιειίᾗιᾱᾰε
548 2074 726 2140 Wonsnsu
754 2071 944 2138 Moara'uaa
969 2073 1097 2135 taxatur
1123 2069 1323 2153 abantiquo
1349 2090 1380 2136 x.
1395 2090 1528 2138 marcas.
1574 2069 1764 2138 Subsidium

290 2182 376 2244 upa
392 2181 454 2245 ruj.
485 2205 498 2225 -.

311 2297 456 2399 Ecclesia
484 2299 523 2362 de
550 2298 727 2367 Wonsuau
753 2297 878 2365 Waraa
906 2299 1037 2361 taxatur
1066 2295 1106 2360 ab
1135 2296 1270 2379 antiquo
1299 2295 1355 2379 xij.
1386 2316 1519 2363 marcas.
1565 2296 1764 2379 Subsidium,

271 2407 333 2470 va.
349 2410 376 2452 a.

285 2524 454 2605 ⁸Ecclesia
497 2524 637 2592 Onrrruu
683 2523 878 2591 Sauoronuu
921 2525 955 2585 et
997 2521 1115 2590 Ssaorr
1157 2522 1260 2588 Parni
1288 2543 1331 2588 na
1358 2522 1513 2601 liranus,
1538 2544 1614 2588 cnm
1639 2525 1767 2603 vicaria,

271 2616 399 2677 taxatur
412 2612 453 2675 ab
468 2613 601 2696 antiquo
615 2611 693 2696 xvij.
710 2631 843 2677 marcas.
888 2607 1088 2687 Subsidium,
1103 2608 1179 2695 xxij.
1190 2633 1216 2675 s.
1233 2608 1301 2692 viij.
1314 2610 1346 2674 cl.

311 2750 453 2815 Ecclesia
466 2750 507 2813 de
524 2750 774 2827 Sournuasrna,
790 2768 865 2811 cnm
879 2746 1011 2830 capellis
1025 2747 1065 2809 de
1081 2746 1245 2813 liamorrn
1260 2750 1296 2809 et
1309 2746 1479 2827 Aornonrr,
1496 2751 1532 2813 et
1549 2768 1623 2811 cum
1639 2748 1768 2815 vicaria.

272 2837 406 2919 ibidem,
422 2841 553 2902 taxatur
567 2836 756 2921 abantiquo
770 2835 813 2901 lx.
831 2855 962 2900 marcas.
1008 2832 1207 2914 Subsidium,
1222 2832 1283 2918 iiij.
1301 2834 1335 2899 li.

315 2977 359 3041 Et
382 2981 556 3041 onerantur
581 2995 676 3059 super
697 2980 883 3059 compotum
903 2974 944 3036 de
968 2971 1039 3056 viij.
1056 2973 1087 3038 cl.
1111 2972 1152 3036 de
1168 2972 1309 3037 subsidio
1324 2972 1491 3056 cujusdam
1507 2976 1667 3057 porcionis
1681 2974 1724 3060 vj.
1741 2997 1767 3041 s.

271 3063 501 3218 pppeedssirppppn
508 3068 618 3215 ἕξεων
631 3063 672 3129 de
687 3060 837 3146 Aspedcn
852 3060 992 3147 precipit
1005 3062 1042 3126 in
1057 3059 1171 3125 eadem
1191 3060 1337 3138 ecclesia,
1351 3060 1504 3126 videlicet
1513 3061 1610 3147 juxta
1632 3063 1768 3128 formam

274 3291 456 3443 ...Ecplesia
481 3290 521 3354 de
537 3290 828 3356 Noaruraunnaon
843 3291 975 3352 taxatur
989 3286 1030 3350 ab
1056 3287 1192 3369 antiquo
1207 3307 1237 3351 x.
1254 3307 1386 3352 marcas.
1434 3285 1632 3366 Subsidium,
1654 3287 1723 3372 xiij.
1740 3313 1766 3354 s.

271 3400 331 3463 ruj.
375 3429 383 3445 .

314 3515 386 3580 Due
415 3469 579 3599 prebende¹
603 3511 738 3595 capituli
765 3509 875 3574 Sancti
901 3508 1048 3589 Martini,
1076 3507 1220 3588 London,
1244 3510 1279 3572 in
1302 3509 1436 3572 ecclesia
1460 3531 1562 3576 asara
1587 3510 1700 3576 Maura
1725 3532 1769 3576 na

272 3604 414 3670 Mannorr
429 3606 582 3666 taxantur
596 3599 636 3663 ab
651 3600 784 3683 antiquo
799 3619 872 3662 xxx·
889 3617 1023 3662 marcas.
1068 3594 1268 3674 Subsidium,
1283 3597 1325 3661 al.
1342 3620 1368 3661 o.

314 3738 457 3803 Ecclesia
471 3738 512 3801 de
528 3737 731 3802 Trnruousnr
747 3739 877 3799 taxatur
892 3733 1084 3817 abantiquo
1098 3731 1162 3818 xvj.
1179 3754 1312 3798 marcas.
1359 3732 1556 3816 Subsidium,
1572 3736 1615 3801 xl.
1632 3761 1659 3802 o.

313 3871 459 3936 Ecclesia
487 3872 528 3935 de
553 3870 778 3936 Lucumonnrr
807 3869 1032 3948 othmarus,
1063 3867 1096 3930 in
1123 3867 1281 3933 decanatu
1313 3869 1352 3932 de
1381 3869 1554 3956 Bolrkyng,
1577 3876 1705 3935 taxatur
1729 3873 1770 3936 ab

271 3961 406 4045 antiqno
419 3979 473 4024 xx.
489 3978 622 4024 marcas.
669 3956 869 4035 Subsidium,
884 3956 970 4040 xxvj.
983 3978 1009 4022 a.
1026 3955 1095 4038 viij.
1109 3957 1140 4020 cl.

315 4097 461 4161 Ecclesia
485 4096 526 4160 de
550 4096 764 4162 Carrinensis
790 4098 920 4158 taxatur
943 4094 983 4158 do
1009 4113 1092 4157 novo
1115 4092 1172 4176 vij.
1198 4113 1332 4159 marcas.
1376 4093 1498 4175 Nichil,
1526 4095 1602 4176 quia
1615 4085 1679 4159 hon
1695 4100 1771 4160 sunt

270 4185 477 4337 iloidpirptaxem
505 4181 723 4248 inhabitantes
753 4182 918 4246 domicilia
947 4184 1109 4260 tenentes,
1149 4181 1233 4245 sicut
1270 4181 1456 4246 continetur
1484 4184 1518 4245 in
1559 4183 1771 4268 inquisicione

273 4292 329 4357 pre
419 4320 430 4339 .

835 4405 1006 4469 Porciones
1021 4405 1106 4470 xxix.
1123 4426 1150 4470 o.

837 4539 1009 4605 Pensiones
1024 4540 1089 4624 ¹Vl·
1107 4565 1132 4607 a.

317 4673 450 4741 Summa
482 4677 598 4741 valoris
635 4674 861 4761 parochiarum
887 4699 918 4742 x.
949 4698 1072 4742 marcas
1099 4683 1133 4741 et
1157 4676 1243 4740 ultra
1268 4676 1365 4761 ciiij¹¹
1388 4677 1466 4762 xvij.
1484 4680 1517 4744 li.
1543 4678 1586 4763 vj.
1603 4704 1629 4745 s.
1655 4681 1724 4765 viij.
1741 4683 1773 4746 d.

275 4763 359 4828 Item
374 4765 423 4849 iij.
439 4762 663 4849 parochiarum
678 4763 763 4828 infra
777 4785 810 4829 x.
826 4785 959 4830 marcas.

663 4899 796 4965 Summa
812 4901 946 4966 subsidii
962 4920 1014 4967 xx.
1029 4901 1063 4967 li.
1080 4899 1162 4984 xiiij.
1176 4924 1202 4968 s.
1218 4901 1287 4986 viij.
1301 4904 1332 4967 ri.

664 5037 797 5102 Summa
813 5041 1015 5122 superoneris
1029 5039 1093 5105 xlv.
1109 5063 1136 5106 a.

720 5279 939 5346 Hunnaanun
963 5301 1007 5346 na
1031 5279 1339 5349 THURSTAPLE.

299 5441 461 5596 ..Qlffl
488 5441 528 5506 de
557 5441 745 5510 Hnoaaoon
773 5445 903 5507 taxatur
931 5443 971 5506 ab
1000 5443 1133 5528 antiquo
1163 5442 1206 5529 xj.
1235 5463 1366 5509 marcas.
1426 5440 1625 5522 Subsidium,
1648 5442 1730 5528 xiiij.
1747 5467 1773 5509 s.

276 5547 344 5614 vuJ.
380 5577 393 5596 f.
