4117 6200
312 659 377 724 418
930 657 1189 728 HEREFORD.

359 947 543 1012 Macarium
558 949 598 1013 dc
620 949 854 1016 Minariacum
869 949 968 1027 Ιιιοι,
982 951 1068 1034 quod
1082 951 1146 1013 fuit
1161 969 1267 1033 nuper
1280 948 1412 1012 comitia
1426 947 1580 1024 Marchic,
1595 944 1683 1030 quod
1697 943 1810 1008 ta'nuit

316 1053 374 1116 per
388 1036 559 1100 servicium
574 1037 660 1101 umf.
669 1058 713 1103 m.
729 1037 769 1100 ad
785 1058 900 1101 manus
915 1039 999 1122 regis
1013 1038 1146 1101 devenit
1160 1039 1287 1101 ratione
1303 1036 1437 1099 minoris
1453 1036 1551 1098 etatis
1566 1031 1809 1110 Ricardi,ducia

317 1121 462 1202 Eboraci,
479 1127 516 1188 ai
530 1125 566 1186 in
580 1125 731 1190 manibus
745 1127 832 1210 regia
847 1124 953 1189 adhuc
968 1116 1090 1189 existit.

360 1282 516 1348 Ricardua
545 1285 585 1349 da
608 1286 641 1349 la
666 1286 769 1364 Marc,
785 1290 820 1349 ei
845 1287 932 1370 prior
955 1283 996 1350 dc
1012 1250 1221 1370 Wormecley,
1234 1290 1269 1349 et
1282 1280 1422 1348 Thomas
1449 1280 1666 1366 Bromwyche,
1686 1263 1821 1364 junior,⁴

316 1375 431 1434 tenent
445 1371 544 1458 iiij‘am
561 1377 687 1456 partem
703 1391 758 1438 un.
775 1373 798 1439 f.
815 1391 859 1437 m.
876 1376 911 1438 in
926 1374 1140 1452 Baarsncrr,
1154 1373 1240 1437 unda
1255 1372 1421 1456 predictus
1437 1369 1578 1435 Thomas
1600 1366 1811 1452 Brcmwychc

320 1462 412 1522 tenet
426 1458 585 1523 decimam
600 1465 725 1543 partem
740 1481 796 1525 un.
811 1461 834 1525 f.

365 1593 550 1660 Willclmua
564 1595 721 1682 Oryketci
735 1602 828 1662 tenet
842 1602 992 1682 quartam
1007 1602 1131 1683 pariam
1146 1618 1202 1664 un.
1219 1597 1243 1662 i.
1259 1617 1304 1662 m.
1320 1597 1356 1660 in
1371 1597 1573 1664 Brucsnom
1587 1593 1746 1680 predicta.

367 1731 524 1798 Ricarduc
538 1734 578 1798 da
594 1735 626 1798 la
642 1736 734 1800 Mare
750 1741 842 1801 tenet
856 1736 901 1801 di.
916 1737 940 1800 i.
955 1757 999 1801 m.
1016 1738 1052 1800 in
1068 1735 1306 1805 camarinam..

367 1869 532 1936 Johannea
546 1873 718 1938 Mulbcrne
733 1878 824 1940 tanet
839 1873 883 1940 di.
900 1873 924 1939 f.
941 1893 985 1940 m.
1015 1875 1052 1938 in
1071 1875 1245 1942 Suamrcrr
1263 1875 1389 1953 (rectius
1406 1874 1607 1950 Tarracon).

368 2007 538 2073 Prodiciaa
552 2009 574 2072 J
575 2009 717 2075 channaa
732 2009 903 2076 Mulbcrne
918 2015 1010 2076 tanet
1024 2011 1107 2075 duaa
1120 2017 1228 2096 partas
1241 2028 1298 2075 aa.
1313 2011 1338 2076 f.
1354 2018 1399 2076 m.
1415 2011 1451 2074 in
1466 2011 1663 2077 Bonorum.

368 2143 527 2299 licbssrtus
543 2146 718 2232 Wyntncy,
735 2147 839 2228 miles,
856 2151 891 2212 et
906 2147 1065 2212 Walterua
1088 2147 1255 2232 Hakeluyt
1281 2150 1396 2212 tenant
1415 2144 1551 2211 terciam
1576 2150 1703 2227 partem
1719 2158 1777 2206 un.
1795 2143 1820 2207 f.

326 2251 371 2297 m.
386 2252 420 2295 ιιι
466 2253 635 2302 uacuum.

372 2368 555 2435 Willelmua
570 2371 610 2435 de
625 2371 658 2434 la
672 2371 755 2436 Bere
771 2377 860 2437 tanet
875 2373 920 2437 di.
936 2373 959 2437 i.
975 2392 1020 2438 m.
1037 2373 1073 2434 in
1089 2371 1280 2438 Baaharora.

372 2505 555 2573 willelmus
570 2505 726 2592 Crykcaot
741 2513 834 2573 tanat
849 2520 999 2592 quartam
1014 2509 1140 2592 paitem
1156 2522 1210 2572 un.
1226 2503 1250 2574 f.
1267 2523 1311 2570 m.
1327 2507 1362 2570 in
1377 2506 1533 2574 Wo’rrorr.

373 2639 548 2710 Nicholaua
563 2633 689 2729 Pcyiica
703 2649 792 2710 tanet
807 2650 956 2729 quartam
970 2650 1098 2729 partem
1115 2665 1170 2710 un.
1187 2644 1211 2710 f.
1227 2666 1272 2709 m.
1287 2646 1322 2708 in
1337 2644 1457 2711 Yaaca.

375 2779 498 2856 Quarta
528 2802 600 2865 para
629 2802 685 2849 un.
707 2784 730 2848 f.
752 2803 796 2846 m.
818 2784 853 2847 in
876 2783 985 2851 Yisoa
1016 2788 1108 2848 extat
1134 2785 1169 2846 in
1193 2802 1292 2847 manu
1317 2782 1441 2846 domini
1463 2782 1548 2866 regia
1572 2781 1696 2846 ratione
1726 2783 1831 2847 etatis

332 2866 479 2952 Philippi
493 2868 554 2931 filii
568 2873 603 2933 ei
618 2869 745 2933 heredia
759 2868 919 2935 Johannis
933 2870 1107 2936 Cheindut.

376 3005 541 3071 Jchannaa
555 3005 758 3092 Baskervyle,
773 3008 880 3086 miles,
894 3012 985 3072 tenet
999 3007 1044 3074 di.
1061 3008 1084 3073 f.
1101 3028 1146 3073 m.
1162 3009 1198 3072 in
1215 3007 1396 3075 Salamara.

377 3144 535 3209 Ricardua
549 3144 589 3210 de
604 3146 637 3209 la
650 3145 742 3211 Marc
756 3151 847 3211 tenet
860 3147 995 3211 terciam
1010 3151 1138 3231 partem
1153 3166 1209 3210 un.
1225 3147 1248 3211 i.
1264 3167 1308 3213 m.
1325 3147 1360 3212 in
1375 3146 1471 3213 Lam
1486 3144 1704 3213 Macaacaca.

378 3280 542 3347 Johannca
568 3281 737 3347 Ohabnorc
752 3286 843 3347 tenet
858 3282 903 3348 di.
921 3282 944 3348 f.
960 3304 1006 3349 m.
1022 3284 1059 3346 in
1076 3284 1261 3351 scurror.

381 3420 544 3485 Johannea
558 3418 708 3504 Shclwyk
721 3423 814 3485 tonat
828 3422 962 3485 terciam
977 3426 1103 3505 partem
1119 3442 1174 3485 un.
1191 3423 1213 3486 f.
1228 3440 1274 3486 m.
1290 3422 1325 3484 in
1342 3420 1437 3486 Lura
1453 3420 1642 3488 Goumara.

381 3558 564 3623 Willelmus
579 3557 711 3621 Gomon
726 3561 819 3621 tenea
833 3557 992 3622 decimam
1008 3562 1133 3641 partem
1148 3579 1204 3625 un.
1221 3559 1244 3624 f.
1260 3576 1306 3623 m.
1320 3559 1356 3623 in
1370 3557 1604 3625 mimicum
1619 3558 1772 3627 Garmca.

382 3694 546 3760 Jchannca
559 3693 686 3758 Russell
701 3698 791 3759 tenet
806 3695 940 3758 icrciam
955 3700 1082 3779 partem
1098 3716 1153 3759 cn.
1169 3695 1193 3760 f.
1210 3716 1255 3762 m.
1271 3696 1307 3759 in
1323 3696 1557 3763 Rauennam.

383 3831 548 3899 Johannea
563 3831 697 3917 Seymor
711 3836 803 3897 tenet
818 3833 966 3917 quintam
981 3839 1107 3915 partem
1122 3853 1177 3896 un.
1193 3833 1217 3899 i.
1234 3834 1328 3899 min
1344 3834 1535 3901 Baoaauar.

342 3971 428 4126 GEt
456 3970 593 4035 ulterius
622 3970 738 4034 dicunt
766 3970 851 4055 quod
879 3990 944 4033 non
975 3975 1050 4035 aunt
1081 3970 1174 4054 plura
1203 3970 1297 4034 feoda
1325 3970 1469 4036 militum
1500 3971 1534 4038 iu
1556 3968 1740 4057 [hundredo
1771 3970 1835 4063 de]

374 4072 599 4144 rymaawroac:

818 4268 1054 4359 [Hcaccaamr
1077 4268 1137 4358 aa]
1164 4270 1368 4340 WEBTRE.

388 4436 544 4503 Ricardua
559 4434 599 4500 de
615 4435 646 4499 la
661 4434 752 4501 Mara
768 4438 859 4499 tanat
873 4453 929 4500 un.
946 4434 969 4500 f.
986 4454 1032 4500 m.
1049 4436 1083 4497 in
1101 4434 1315 4503 Saccumum.

390 4576 485 4641 Idem
499 4573 657 4639 Ricardm
671 4578 762 4639 tanet
777 4593 834 4639 un.
851 4573 874 4640 f.
890 4592 936 4640 m.
952 4573 987 4637 in
1003 4572 1169 4640 Doaccorr.

389 4712 410 4778 J
412 4714 553 4779 ohannes
568 4710 756 4797 Skydmore‚
772 4711 923 4796 armiger,
941 4714 975 4775 et
989 4710 1089 4796 Hugo
1103 4711 1248 4796 Hergaai
1260 4714 1375 4777 tenent
1389 4711 1435 4778 di.
1452 4713 1476 4781 f.
1492 4734 1536 4778 m.
1553 4713 1589 4777 in
1605 4712 1821 4783 ammiror.

391 4850 546 4916 Griffinua
559 4869 601 4934 ap
615 4850 722 4933 Harry
736 4853 830 4914 tenet
845 4868 900 4914 un.
918 4848 941 4913 f.
958 4868 1002 4913 m.
1018 4848 1055 4911 in
1070 4848 1215 4916 Βιιιιοιι.

390 4985 546 5051 Riccrdua
560 5007 601 5072 ap
617 4986 723 5070 Harry
737 4989 829 5050 tanet
842 4984 887 5049 di.
905 4985 928 5051 i.
946 5005 988 5049 m.
1004 4983 1040 5051 in
1055 4984 1230 5052 Mcarrorr.

391 5123 549 5189 Ricardua
563 5122 731 5189 Claturton
745 5124 837 5186 tanet
851 5140 907 5185 un.
921 5122 945 5187 f.
961 5141 1006 5184 m.
1021 5122 1057 5185 in
1072 5121 1202 5188 Ηοιιιιιι
1217 5121 1315 5189 Lacr.

393 5262 557 5327 Jchannea
571 5260 611 5325 de
627 5260 659 5323 ia
673 5258 753 5323 Bere
768 5262 860 5324 tanei
873 5259 918 5323 di.
933 5257 957 5325 f.
974 5276 1018 5322 m.
1033 5260 1070 5323 in
1085 5260 1307 5328 cunmaaaorr.

395 5398 527 5464 ovinus
540 5416 583 5483 ap
597 5394 767 5462 Moradcth
783 5398 876 5460 tanet
891 5396 936 5461 di.
953 5395 977 5462 i.
993 5416 1038 5462 m.
1055 5397 1091 5459 in
1105 5396 1255 5465 Moma.

394 5538 536 5609 Thomas
551 5535 682 5625 Sugwaa
696 5540 732 5600 ct
746 5534 856 5625 Etkyn
876 5532 1054 5623 Oarpcniar
1067 5539 1183 5601 tacent
1196 5536 1242 5602 di.
1258 5534 1281 5603 i.
1298 5555 1343 5599 m.
1356 5536 1393 5601 in
1409 5536 1594 5606 Drama
1608 5534 1781 5609 (innon,
