4117 6200
908 614 987 678 Μ).
1015 616 1110 678 1431.
1700 612 1762 676 125

303 830 394 896 Idem
411 830 608 917 Radulphus
623 834 717 896 tenet
732 830 918 895 manerium
933 829 974 895 (16
992 830 1187 897 (isunnam.
1211 829 1381 905 Hessos,
1396 829 1433 893 in
1447 828 1561 895 eodem
1579 828 1753 894 hundredo

257 941 317 1008 per
330 921 504 987 servicium
522 926 639 1006 quarte
656 920 762 1005 partis
777 941 831 985 un.
849 919 872 983 f.
888 942 930 985 m.

301 1034 430 1101 Amicis
445 1033 594 1113 Weston,
616 1034 656 1099 de
674 1034 823 1113 Westun,
838 1035 873 1097 in
888 1034 1050 1099 comitutu
1065 1032 1214 1110 Dorsete,
1230 1033 1385 1111 wodewc,
1401 1038 1495 1098 tenet
1510 1033 1642 1098 diverse
1656 1038 1763 1098 terras

258 1128 292 1188 61
302 1128 492 1190 tenementa
503 1124 539 1188 in
551 1123 764 1191 crrwusrou
777 1140 816 1188 ΙΝ
833 1124 1058 1201 NYWENHAM,
1068 1123 1103 1186 iu
1119 1124 1233 1189 eodem
1249 1123 1431 1201 hundredo,
1449 1144 1514 1209 que
1525 1145 1593 1189 non
1605 1128 1764 1188 tenentur

256 1234 315 1299 per
329 1213 505 1279 servicium
521 1214 673 1293 militare,
690 1218 725 1280 61
739 1214 855 1279 valent
868 1236 929 1301 per
943 1234 1078 1293 anuum,
1096 1214 1186 1278 ultra
1201 1213 1343 1300 reprisas
1494 1252 1507 1263 -
1642 1250 1655 1263 ·
1702 1235 1726 1277 c.
1738 1233 1762 1278 s.
1839 1265 1842 1270 .

298 1352 384 1418 Item
400 1353 541 1419 ulterius
557 1354 675 1421 dicunt
690 1352 831 1441 predicti
843 1352 1019 1438 juratores,
1036 1352 1124 1437 quod
1134 1374 1190 1415 :-

865 1542 1156 1631 [66666666]

298 1682 450 1762 Thomas,
465 1705 574 1751 comes
588 1684 747 1759 Devenie,
763 1688 856 1749 tenet
870 1682 1056 1747 manerium
1077 1682 1118 1747 de
1133 1682 1288 1747 szuua
1311 1681 1538 1758 Cosmum,
1554 1683 1590 1747 in
1613 1683 1762 1769 predicto

256 1772 429 1838 hundredo
445 1774 486 1839 de
502 1773 684 1860 Rydelaue,
700 1794 758 1859 per
773 1772 950 1839 servicium
966 1772 1156 1837 medietatis
1171 1794 1228 1838 uu.
1245 1771 1268 1839 f.
1284 1794 1329 1837 m.

298 1886 470 1953 Predictus
483 1887 655 1953 Johannes
682 1888 791 1975 Reger
813 1893 906 1952 tenet
928 1886 1113 1952 manerium
1138 1888 1179 1953 de
1207 1886 1349 1953 Sur-rou
1374 1885 1621 1963 1166606616
1646 1886 1761 1951 ecdem

256 1976 439 2055 hundredo,
455 1998 514 2064 per
528 1978 703 2043 servicium
721 1976 909 2042 medietatis
925 1998 979 2042 un.
997 1977 1019 2042 f.
1037 2000 1078 2043 m

298 2089 464 2156 Robertus
490 2090 682 2178 Frampton,
698 2092 739 2156 de
756 2090 897 2167 Morton,
914 2091 949 2155 in
974 2091 1135 2156 comitatu
1165 2091 1310 2167 Dorsete,
1334 2089 1488 2176 armiger,
1512 2094 1606 2155 tenet
1627 2090 1761 2156 diversa

252 2182 359 2355 {effi}
377 2186 423 2335 εἰ
444 2186 635 2335 tseugnrenta
661 2181 698 2245 in
726 2180 923 2259 Macssrou,
952 2181 988 2244 iu
1012 2180 1127 2246 eodem
1152 2180 1335 2256 hundredo,
1350 2200 1409 2265 per
1436 2180 1615 2245 servicium
1642 2186 1761 2265 quarte

297 2384 445 2472 cherus
461 2384 685 2471 Servyngton,
700 2386 741 2450 de
758 2384 931 2470 Mageston
947 2384 1107 2471 predicte,
1122 2382 1317 2469 gentilman,
1332 2386 1426 2447 tenet
1441 2384 1574 2449 diversa
1596 2390 1703 2451 terras
1726 2391 1761 2450 et

251 2478 439 2631 ffieffita
465 2475 501 2539 iu
518 2474 709 2539 mererer
736 2473 884 2561 predicta
911 2479 945 2540 et
970 2474 1004 2537 in
1023 2474 1078 2539 La
1092 2472 1229 2549 Yuoun,
1244 2493 1303 2559 per
1319 2472 1495 2538 servicium
1510 2478 1629 2559 quarte
1652 2475 1758 2560 partis

295 2678 476 2745 Mauricius
491 2678 641 2756 Berkele‚
658 2679 699 2744 (16
716 2677 928 2756 Bittestcme,
944 2678 979 2741 in
995 2679 1157 2743 comitatu
1182 2676 1438 2763 Southampton,
1454 2682 1547 2743 tenet
1573 2678 1758 2743 manerium

251 2768 291 2834 de
306 2768 542 2845 Laucuunau,
560 2769 593 2832 in
609 2768 725 2834 eodem
741 2768 924 2845 hundredo,
940 2789 998 2854 per
1013 2767 1190 2833 servicium
1207 2769 1326 2852 quarte
1341 2767 1447 2853 partis
1463 2789 1517 2832 uu
1531 2766 1556 2831 f.
1574 2790 1614 2831 m.

293 2881 317 2947 J
317 2884 463 2949 ohannes
478 2882 650 2961 Stourtun,
667 2884 707 2948 (16
724 2882 894 2959 Stourton,
910 2882 945 2946 in
962 2883 1124 2948 comitatu
1139 2880 1267 2958 Wiltes,
1282 2881 1438 2957 chivaler,
1454 2887 1548 2948 tenet
1574 2883 1759 2947 manerium

251 2969 485 3126 {iemBomua
509 2972 669 3049 Wusrorc,
685 2974 720 3037 in
745 2972 859 3037 eodem
879 2972 1061 3051 hundredo,
1084 2994 1144 3059 per
1168 2971 1344 3038 servicium
1369 2971 1557 3037 medietatis
1585 2994 1638 3037 un.
1662 2972 1759 3060 parvi

292 3177 433 3242 Isabella
460 3177 576 3256 (ierne,
594 3178 636 3244 de
651 3177 899 3265 Upmelcombe‚
915 3179 951 3241 in
977 3177 1140 3244 conritatu
1166 3175 1322 3263 predicte,
1338 3177 1493 3255 wedewe,
1509 3184 1604 3245 tenet
1629 3178 1760 3243 diversa

250 3270 407 3420 11616ῗὲ1
421 3273 613 3334 tenementa
637 3268 673 3332 iu
697 3269 870 3334 Bouuuuu
893 3267 1045 3332 Wssruu
1068 3266 1224 3352 predicta,
1240 3288 1298 3353 per
1314 3267 1490 3332 servicium
1512 3273 1629 3352 quurte
1653 3268 1759 3353 partis

290 3470 313 3535 J
314 3471 461 3538 ohannes
478 3471 609 3550 Carent,
626 3474 667 3538 de
683 3473 801 3550 Silton,
817 3474 850 3537 in
878 3473 1040 3539 concitatu
1070 3471 1217 3548 Dorsete,
1231 3471 1381 3557 armiger,
1396 3476 1490 3537 tenet
1515 3471 1699 3538 manerium
1715 3472 1757 3536 (16

249 3559 388 3638 Suros,
403 3561 439 3625 iu
456 3562 570 3628 eodem
587 3562 769 3639 hundredo,
786 3584 845 3648 per
859 3563 1038 3629 servicium
1053 3561 1243 3626 medietatis
1259 3582 1313 3625 un.
1330 3559 1353 3624 f.
1369 3582 1412 3626 m.

293 3677 457 3744 Robertus
482 3678 591 3764 Erley,
617 3679 658 3744 de
686 3680 862 3764 Pyrystou,
887 3679 922 3742 in
956 3657 1106 3764 predicto
1130 3677 1292 3743 comitatu
1324 3676 1473 3755 Dorsete,
1504 3700 1635 3764 squyer,
1666 3683 1759 3745 tenet

246 3763 430 3924 ffinferiglrm
461 3769 502 3832 de
533 3768 726 3846 PYRYSTON,
755 3769 792 3833 in
822 3769 935 3834 eudem
968 3767 1150 3844 hundredo,
1184 3787 1243 3852 per
1280 3768 1456 3832 servicium
1495 3773 1615 3853 quarte
1651 3770 1758 3856 partis

291 3971 500 4038 Humiredus
516 3972 673 4049 Stafford,
689 3973 731 4037 (16
746 3972 855 4050 Hoke,
877 3973 913 4036 in
928 3973 1091 4038 comitatu
1119 3972 1271 4049 Dorsete,
1287 3971 1446 4050 chivalcr,
1462 3977 1556 4038 tenet
1571 3974 1757 4038 manerium

249 4062 289 4128 de
306 4063 528 4142 Mlnnuu‘rou,
543 4062 579 4127 iu
594 4062 708 4127 eodem
724 4063 906 4140 hundredo,
921 4084 981 4149 per
996 4061 1174 4127 servicium
1189 4061 1381 4127 medietatis
1398 4083 1453 4126 uu.
1471 4061 1494 4126 f.
1512 4061 1677 4148 Morteyu.

290 4179 434 4246 Thomas
449 4175 561 4263 Hody,
577 4177 617 4242 de
635 4177 807 4266 Kyngton,
823 4180 859 4241 in
884 4179 1045 4244 comitatu
1068 4177 1217 4254 Dorsete,
1231 4177 1385 4264 armiger,
1400 4182 1494 4242 tenet
1510 4179 1694 4243 manerium
1711 4181 1753 4245 (16

247 4268 373 4334 PARVA
395 4267 631 4344 Reuersus
647 4268 761 4333 eodem
778 4268 959 4344 hundredo,
974 4289 1035 4354 per
1049 4268 1227 4334 servicium
1242 4267 1433 4332 medietatis
1448 4288 1502 4332 un.
1519 4267 1541 4330 f.
1559 4289 1601 4334 m.

292 4382 479 4449 willelmus
511 4383 728 4466 Elysaundre,
758 4383 800 4448 de
826 4381 1023 4461 Sarisburia,
1055 4382 1091 4446 in
1125 4382 1286 4447 comitatu
1321 4380 1448 4459 Wiltes,
1479 4381 1633 4467 armiger,
1663 4388 1757 4450 tenet

245 4473 428 4539 manerium
444 4473 486 4537 de
502 4471 718 4539 Tfloaumou
735 4477 770 4538 61
786 4471 971 4547 KYNurou,
987 4471 1020 4535 in
1038 4470 1153 4536 eodem
1169 4469 1352 4547 hundred0,
1369 4491 1429 4556 per
1443 4470 1620 4536 servicium
1637 4480 1756 4557 quarte

246 4563 353 4649 partis
368 4583 422 4627 un.
440 4562 463 4628 f.
479 4584 521 4627 m.

289 4678 434 4743 Thomas
449 4676 616 4757 Mauston,
632 4677 673 4742 de
688 4676 859 4753 Manstcn,
876 4675 912 4740 in
932 4675 1096 4742 comitatu
1112 4675 1260 4750 Dorsete,
1275 4674 1428 4762 armiger,
1452 4679 1545 4740 tenet
1569 4677 1755 4742 manerium

245 4768 286 4833 de
302 4768 484 4844 MANSTON,
499 4768 535 4831 in
551 4765 665 4832 eodem
681 4765 866 4844 hundredo,
882 4787 942 4852 per
956 4765 1133 4830 servicium
1149 4764 1339 4830 medietatis
1353 4785 1409 4829 un.
1426 4762 1449 4830 f.
1466 4786 1506 4829 m.

288 4881 458 4948 Johaunes
473 4881 641 4966 Latymer,
658 4880 699 4946 de
714 4881 897 4968 Dontyssh,
909 4880 945 4945 in
960 4880 1122 4946 comitatu
1138 4879 1286 4957 Dorsete,
1298 4880 1450 4967 armiger,
1462 4885 1554 4945 tenet
1570 4883 1755 4950 manerium
1792 4892 1794 4899 '
1833 4920 1835 4927 ·

244 4969 628 5127 ‘figodffimfflm'
652 4970 689 5035 in
714 4971 828 5036 eodem
859 4970 1042 5048 hundredo,
1065 4992 1124 5056 per
1154 4969 1330 5035 servicium
1362 4970 1550 5036 medietatis
1578 4993 1633 5038 uu
1658 4976 1754 5059 parvi

289 5173 462 5240 Predictus
494 5174 646 5256 Thomas,
673 5197 781 5241 comes
815 5173 976 5248 Devenie,
1010 5177 1104 5240 tenet
1134 5174 1267 5238 diversa
1298 5179 1404 5238 terras
1434 5178 1469 5239 et
1499 5178 1690 5242 tenementa
1719 5178 1754 5241 in

243 5264 465 5340 LY'mLflULL,
480 5265 516 5328 in
531 5265 646 5329 eodem
662 5264 845 5341 hundredo,
862 5286 921 5352 per
936 5263 1115 5329 servicium
1131 5264 1247 5348 quinte
1264 5263 1370 5349 partis
1386 5284 1432 5327 un
1458 5262 1482 5329 f.
1497 5285 1532 5326 m

286 5377 381 5444 Idem
396 5398 505 5443 comes
522 5383 616 5443 tenet
636 5379 768 5444 diversa
795 5377 863 5443 alia
887 5382 995 5442 terras
1023 5382 1058 5442 et
1084 5380 1274 5443 tenementa
1301 5377 1337 5440 in
1365 5375 1581 5442 Lruuufluuu
1598 5379 1754 5463 predicta,

259 5467 494 5556 perservicium
512 5467 701 5533 medietatis
716 5489 770 5534 un.
787 5468 810 5532 f.
827 5491 867 5533 m.
