4117 6200
927 625 1009 694 AJ).
1033 630 1130 693 1303.
1711 629 1772 693 145

276 919 467 1006 Langerioh‚
476 920 517 985 de
531 919 680 984 omnibns
690 918 796 984 leodio
810 918 955 983 militum
969 918 1005 983 in
1019 918 1157 984 dimidio
1170 916 1338 983 hundredo
1352 919 1393 984 de
1403 916 1581 998 waltham,
1590 919 1646 1004 qui
1661 919 1775 986 dieunt

276 1030 335 1095 per
349 1012 589 1073 sacramentum
604 1028 700 1071 auum
716 1007 801 1091 quod
812 1032 863 1072 :-

322 1141 343 1207 J
344 1140 485 1208 ohannes
500 1141 531 1207 le
546 1141 685 1221 Graunt,
694 1140 816 1225 junior,
830 1145 920 1206 tenet
934 1145 1083 1224 quartem
1096 1144 1221 1225 partem
1235 1160 1293 1208 un.
1308 1138 1333 1207 f.
1349 1162 1394 1207 m.
1409 1140 1446 1205 in
1459 1133 1623 1209 Enemeo.

323 1273 481 1339 Robertue
495 1275 537 1339 de
552 1274 658 1361 Heyle
672 1279 766 1342 tenet
781 1281 907 1342 sextam
923 1279 1049 1361 partem
1065 1297 1120 1342 un.
1138 1276 1162 1343 f.
1177 1297 1222 1343 m.
1238 1276 1373 1343 ibidem.

325 1412 448 1477 Dicunt
471 1414 576 1477 eoiam
600 1414 685 1497 quod
710 1416 866 1517 magister
891 1414 1017 1478 Milioie
1044 1414 1171 1498 Templi
1194 1417 1229 1479 et
1245 1413 1384 1479 decanus
1397 1419 1431 1480 et
1446 1414 1627 1499 oapitulum
1643 1413 1777 1479 eooleeie

281 1498 719 1671 gssffiiaeffimoemt
709 1522 744 1565 ιιι
773 1502 1013 1571 Oaraeoaroan
1043 1501 1084 1566 de
1113 1503 1208 1565 feodo
1239 1500 1447 1583 Muntiiohet,
1462 1502 1520 1567 aed
1549 1501 1692 1567 nescitur
1721 1523 1778 1587 per

325 1720 449 1787 Dionnt
463 1722 565 1786 eciam
581 1722 667 1807 quod
682 1722 837 1807 quioquid
851 1722 948 1787 abbas
963 1727 998 1787 et
1012 1726 1190 1788 conventus
1204 1721 1244 1787 de
1260 1724 1425 1788 Waltham
1439 1725 1590 1788 tenent'
1579 1742 1614 1787 rn
1641 1723 1778 1789 dimidio

282 1808 450 1873 hundredo
465 1810 506 1873 de
522 1810 687 1875 Waltham
703 1816 753 1875 eat
767 1810 807 1875 de
822 1810 1039 1876 ieoffamentie
1053 1813 1137 1896 regie
1152 1816 1184 1875 et
1200 1811 1318 1876 donis
1307 1832 1342 1875 ιιι
1356 1811 1492 1877 liberam
1508 1811 1727 1877 elemosinam.

792 2316 1012 2393 Houoaanon
1035 2337 1079 2384 oe
1101 2316 1283 2385 WYHAM.

329 2479 506 2563 Inquieioio
530 2478 617 2545 faeta
640 2480 726 2565 apud
742 2479 897 2566 Wyham,
910 2480 964 2546 die
988 2479 1079 2546 Jovie
1099 2481 1246 2566 proxima
1268 2484 1343 2565 poet
1368 2481 1490 2546 festum
1506 2480 1620 2547 Sancti
1635 2482 1784 2561 Hillarii,

285 2588 368 2631 anno
403 2569 497 2653 regni
533 2569 618 2651 regio
647 2568 798 2633 Edwardi
827 2569 1005 2633 tricessimo
1042 2569 1158 2654 primo,
1188 2589 1244 2653 per
1280 2567 1462 2633 Johannem
1498 2570 1540 2635 de
1568 2570 1780 2649 Kellevedon,

286 2652 468 2718 Johannem
484 2654 583 2739 Pege,
596 2655 775 2720 Walterum
790 2654 891 2738 Puni,
906 2654 1109 2721 Willelmum
1124 2656 1165 2721 de
1182 2654 1333 2735 Braham,
1349 2656 1550 2721 Willelmum
1573 2657 1781 2742 Queynterel,

285 2741 467 2806 Johannem
496 2746 549 2807 ate
579 2741 677 2824 Brok,
701 2741 876 2807 Ricardum
907 2743 948 2807 de
993 2789 1218 2824 .....
1242 2742 1403 2829 Rogerum
1433 2745 1613 2825 Doreward,
1637 2746 1778 2809 Alanum

286 2828 404 2915 Adgm,
435 2828 613 2895 Robertum
642 2791 695 2895 aie
732 2829 831 2910 Brolr,
876 2831 1058 2896 Walterum
1098 2830 1170 2895 Rad
1216 2839 1251 2896 et
1296 2831 1474 2897 Robertum
1510 2832 1618 2897 Faunt
1619 2834 1690 2915 lun,
1720 2834 1779 2917 qui

286 2916 400 2981 dieunt
414 2938 470 3003 per
483 2922 722 2983 eaoramentum
737 2940 833 2983 auum
849 2918 953 3002 quod.
955 2954 999 2967 -

330 3054 472 3123 Wrnanr.
474 3054 678 3140 —Magiater
692 3054 816 3121 Milioie
831 3055 960 3141 Templi
975 3054 1105 3122 tenet''
1081 3077 1118 3141 ῃ.
1134 3056 1158 3123 f.
1173 3076 1219 3123 m.
1232 3057 1267 3122 in
1283 3076 1365 3143 pura
1380 3061 1414 3124 et
1429 3062 1587 3144 perpetua
1601 3056 1778 3124 elemosina

329 3193 428 3279 Hngo
443 3193 483 3258 de
498 3192 631 3259 Mortuo
647 3194 731 3259 Mari
746 3199 838 3261 tenet
851 3197 887 3259 in
902 3195 1019 3260 eadem
1034 3215 1090 3261 un.
1108 3194 1132 3261 f.

331 3325 474 3391 Heredes
490 3325 638 3392 Nieholai
662 3327 781 3414 Tregoz
798 3331 915 3393 tenent
939 3330 973 3392 in
1000 3328 1246 3395 Bnunrnonann
1275 3333 1309 3393 et
1334 3329 1530 3396 Tonneurenn
1556 3327 1621 3393 duo
1645 3326 1670 3394 f.
1697 3329 1785 3393 nude

288 3415 532 3482 Bauannerrann
547 3419 677 3480 tenetur
691 3436 748 3499 pro
763 3436 818 3482 un.
835 3416 859 3481 f.
876 3422 911 3481 'et
926 3417 1139 3483 Tonnssorme
1154 3437 1211 3500 pro
1225 3437 1282 3481 un.
1299 3416 1322 3482 f.

329 3547 565 3612 Tenementum
588 3547 751 3632 quondam
778 3549 915 3616 Roberti
940 3550 972 3615 le
998 3550 1104 3616 Pouer
1128 3555 1163 3616 et
1189 3549 1331 3615 Gallridi
1346 3550 1386 3616 de
1401 3548 1585 3616 Hemehale
1602 3550 1759 3616 tenetur
1749 3570 1786 3615 ru

289 3635 398 3702 Panva
413 3635 546 3704 Wanarr
562 3655 620 3719 pro
634 3655 690 3702 un
707 3637 731 3703 f.

331 3768 498 3836 Johannea
513 3771 555 3836 de
570 3771 741 3859 Hobmgga
756 3775 849 3838 tenet
864 3777 1012 3858 quartam
1027 3773 1154 3856 partem
1169 3794 1225 3840 un.
1242 3774 1266 3839 f.

332 3910 492 3977 Hanrnno
519 3910 703 3990 (Ηιιιιιιιι)
729 3911 896 3978 annann
898 3910 1083 3976 —Domina
1096 3911 1211 3977 Joeoea
1226 3911 1265 3976 de
1280 3908 1510 3997 Huntingleud
1530 3906 1781 3998 [Huntingield]

289 4001 382 4062 tenet
396 4018 453 4063 un.
469 3997 493 4063 i.
510 4017 555 4065 m
571 3997 612 4062 de
627 3998 759 4063 domino
774 3997 924 4064 Johanne
938 3997 1050 4066 Fillol.

333 4135 457 4200 Eadem
472 4135 588 4199 Jocoea
603 4139 696 4201 tenet
711 4135 756 4202 di.
774 4136 797 4202 f

333 4273 491 4338 Dominus
506 4271 710 4338 Baldewinua
725 4272 764 4337 de
781 4272 884 4339 Stowe
900 4275 992 4338 tenet
1006 4275 1132 4336 sextam
1146 4275 1271 4356 partem
1286 4291 1342 4336 un.
1358 4271 1384 4337 i.

334 4407 514 4472 Alexander
528 4407 675 4493 Quintyn
690 4411 783 4472 tenet
797 4427 853 4472 un.
869 4407 1070 4491 quarterium
1084 4423 1140 4470 un.
1156 4403 1181 4472 f.

334 4545 496 4610 Johannee
510 4545 552 4610 de
567 4544 668 4611 Greek
690 4541 806 4632 [Crek]
827 4548 918 4610 tenet
935 4542 1159 4608 duodecimam
1174 4545 1301 4626 partam
1315 4562 1370 4608 un.
1387 4542 1412 4608 f.

333 4681 501 4748 Gilbertue
516 4679 675 4746 Maudwit
699 4678 912 4770 [Maundwit]
937 4679 1122 4765 (Mauduyt)
1140 4682 1233 4744 tenet
1248 4683 1373 4744 sextam
1387 4682 1515 4763 partem
1529 4697 1586 4746 un.
1604 4678 1628 4745 f.

334 4816 574 4880 Tenementum
587 4815 749 4904 quondam
764 4815 786 4879 J
787 4813 925 4881 ohanme
940 4814 979 4879 de
995 4812 1157 4879 Bemflet
1147 4834 1183 4879 m
1194 4813 1354 4880 Hennam>
1369 4815 1526 4882 annann
1540 4818 1575 4879 et
1589 4814 1790 4881 Hamnennn

299 4900 544 4990 [Himeraeae]
577 4907 709 4969 tenetur
735 4924 793 4987 pro
818 4923 874 4969 un.
900 4903 924 4968 f
951 4901 1038 4966 unde
1064 4906 1301 4982 tenementum,
1323 4902 1409 4986 quod
1434 4902 1578 4966 tenuit
1568 4922 1602 4965 ιιι
1628 4902 1790 4967 Harrano
1884 4958 1887 4963 ,

291 4991 457 5070 annann,
468 4993 600 5055 tenetur
612 5011 669 5076 pro
680 4995 797 5076 quarta
810 4995 904 5075 parte
916 5009 972 5056 un.
984 4988 1008 5056 f.
1021 4994 1056 5054 et
1066 4993 1292 5054 tenementum
1294 4989 1399 5074 ,quod
1414 4989 1790 5070 tenuitinHarnaennn‚

291 5083 424 5143 tenetur
437 5097 498 5163 pro
512 5077 617 5142 tribue
631 5078 802 5162 quarteriis
816 5098 873 5144 un.
890 5078 914 5146 f.

336 5211 704 5282 Umida-Dominus
718 5210 881 5278 Bobertue
896 5211 984 5276 filius
998 5210 1134 5275 Walteri
1148 5213 1243 5275 tenet
1257 5229 1313 5277 un.
1329 5202 1354 5278 i.
1369 5229 1417 5279 m.

335 5351 530 5418 Baaonaran
554 5347 890 5417 Maean-Dominus
904 5349 1004 5434 Hugo
1018 5348 1060 5413 de
1074 5347 1159 5412 Veer
1174 5351 1266 5413 tenet
1280 5346 1488 5413 medietatem
1504 5366 1560 5413 un.
1578 5346 1600 5411 i.
1617 5365 1662 5412 m.

335 5487 475 5554 Domina
491 5485 648 5570 Dyonieia
663 5486 704 5551 de
719 5487 833 5553 Monte
849 5483 963 5550 danao
978 5489 1066 5550 tenet
1083 5504 1139 5551 un.
1156 5482 1179 5548 f.
1197 5503 1243 5549 m.

390 5612 480 5667 18345.
1671 5605 1696 5656 Κ
