4117 6200
281 608 345 671 258
872 607 1180 678 GLOUGESTER.

281 895 505 1051 disserbertus
541 896 628 961 filius
656 894 815 961 Johannis
844 900 936 961 tenet
966 896 1148 965 Hansrnnu
1178 898 1218 963 de
1247 898 1419 965 domiuo
1409 924 1430 967 1.
1462 922 1489 967 c
1520 922 1576 986 per
1613 902 1785 968 servicium

304 1006 317 1047 1
380 1006 415 1047 m
475 1022 487 1037 .
621 1023 632 1036 .
765 1024 777 1037 .
910 1025 922 1038 .
1057 1024 1070 1039 .
1491 1028 1503 1042 .
1636 1029 1648 1043 .
1692 1011 1783 1056 nuo

324 1120 473 1185 Johanna
487 1122 527 1185 de
541 1121 694 1187 valencia
708 1124 804 1186 tenet
818 1122 863 1186 di.
878 1122 902 1189 f.
920 1142 965 1186 m.
981 1124 1016 1186 in
1033 1122 1176 1190 Moanorv
1191 1124 1232 1189 de
1246 1124 1377 1190 domino
1391 1146 1464 1210 rege
1480 1126 1504 1201 i.
1520 1149 1549 1190 c
1638 1166 1651 1181 -
1695 1150 1748 1193 xx.
1758 1148 1785 1193 e.

325 1260 516 1325 Humfridus
530 1261 571 1324 de
586 1259 702 1325 Bohun
719 1266 811 1326 tenet
825 1262 928 1330 ern
943 1262 1178 1330 Wrruunnasn
1200 1264 1242 1327 de
1263 1265 1394 1329 domino
1416 1288 1489 1351 rege
1512 1266 1533 1332 i.
1556 1290 1584 1333 c.
1602 1271 1671 1353 (per
1686 1270 1786 1333 servi-

281 1348 381 1426 cinm)
399 1348 444 1415 di.
460 1349 483 1412 f.
498 1369 544 1414 m.
714 1427 722 1445 .
1564 1376 1652 1424 xx..s
1670 1356 1785 1423 Breve.

729 1564 949 1633 Hnrrnannvu
971 1586 1015 1633 un
1038 1566 1330 1638 Bourunowu.

324 1701 507 1767 Willelmus
521 1701 686 1789 Penbrigg
698 1706 790 1769 tenet
803 1705 838 1767 in
854 1703 1002 1772 Dvuuon
1015 1706 1057 1770 de
1074 1706 1206 1771 domino
1219 1727 1296 1793 rege
1312 1706 1335 1775 i.
1352 1729 1380 1772 c.
1396 1708 1441 1773 di.
1458 1707 1481 1772 f.
1497 1728 1542 1773 m.
1612 1746 1624 1761 ·
1669 1707 1782 1776 Breve.

752 1942 973 2011 Hunnannvu
995 1964 1040 2011 nn
1062 1944 1311 2014 DODOSTON.

325 2105 588 2188 Arcbiepiscopus
602 2103 812 2169 Eboracensis
827 2109 918 2169 tenet
933 2104 1162 2172 Cannensnorv
1183 2127 1260 2171 cum
1284 2108 1436 2172 membris
1462 2128 1519 2192 per
1546 2109 1713 2172 baroniam
1740 2109 1782 2171 de

281 2194 412 2257 domino
426 2192 537 2277 regei
553 2213 581 2258 c.
597 2212 655 2275 per
669 2194 840 2256 servicium
856 2193 891 2276 ij.
907 2194 1042 2256 fm.-
1177 2234 1188 2245 -
1323 2236 1334 2247 -
1466 2236 1477 2247 -
1611 2194 1782 2261 -.Breve

325 2328 490 2394 Johannes
519 2329 561 2393 de
590 2327 783 2417 Ferar[iis]‚
811 2329 976 2393 Johannes
1004 2330 1046 2393 de
1075 2330 1246 2411 Wilinbon,
1276 2332 1409 2397 Juliana
1444 2333 1484 2397 de
1520 2331 1713 2419 Burgbulle
1743 2336 1776 2396 et

281 2417 440 2481 Bobertns
464 2418 494 2480 le
519 2417 641 2496 Venur,
666 2418 814 2481 tenent
803 2438 839 2480 ιιι
870 2419 1032 2485 Annaeus
1064 2423 1099 2481 eb
1130 2418 1327 2486 Suanvnrorv
1353 2420 1394 2483 de
1419 2419 1590 2485 heredibus
1619 2419 1778 2485 Johannis

282 2503 445 2583 Giffard‚'
435 2526 470 2567 111
485 2511 556 2568 cust
542 2504 632 2568 todia
646 2503 770 2568 domini
784 2507 871 2591 regis
885 2504 1149 2591 existencium‚j.
1165 2505 1248 2571 f..m
1353 2547 1364 2559 -
1499 2548 1510 2559 -
1645 2547 1656 2559 ·
1700 2507 1781 2575 xlma

738 2743 957 2810 Huannsnnu
980 2766 1023 2811 nn
1047 2744 1331 2814 KEFTEGATE

324 2908 432 2972 Abbas
457 2909 498 2971 de
523 2906 682 2971 Evesbam
707 2911 800 2972 tenet
825 2907 1007 2973 manerium
1034 2910 1073 2973 de
1091 2907 1310 2997 sumansuh
1310 2907 1325 2997 ]
1346 2910 1387 2974 de
1401 2910 1533 2976 domino
1547 2912 1661 2997 regei.
1677 2934 1706 2979 c.
1724 2934 1782 2997 pro

282 2994 642 3080 quarbepartej.i.m.
737 3034 749 3047 ·
886 3034 897 3045 -
1466 3038 1477 3049 -
1610 2999 1780 3065 -Brave

325 3134 487 3198 Johannes
512 3132 640 3198 Giffard
665 3134 794 3196 tenet
783 3153 819 3196 ιιι
833 3133 978 3200 Wasrcrv
1004 3156 1118 3203 annun
1142 3135 1251 3215 Euan,
1276 3141 1310 3201 et
1337 3137 1472 3204 Noanorr
1488 3157 1601 3204 nunna
1615 3139 1723 3218 Essa,
1741 3138 1781 3202 de

282 3223 413 3288 domino
429 3242 502 3307 rege
518 3221 540 3287 i.
556 3244 584 3289 c.
599 3241 657 3305 per
672 3221 880 3304 serviciumj.
896 3223 919 3287 f.
937 3242 980 3287 m.
996 3229 1031 3286 et
1046 3223 1090 3286 di.
1213 3263 1224 3275 -
1357 3263 1368 3275 -
1500 3264 1512 3276 -
1645 3227 1780 3293 -lxa,

325 3359 488 3425 Johannes
503 3361 542 3424 de
556 3359 777 3444 Penebrngge,
799 3364 834 3423 eb
856 3359 1032 3423 Edwardus
1053 3360 1154 3425 irater
1175 3362 1255 3445 ejus,
1279 3366 1392 3426 tenent
1414 3365 1594 3428 manerium
1616 3365 1657 3428 de
1680 3364 1781 3429 Mune

283 3448 323 3513 de
337 3450 468 3512 domino
483 3467 557 3532 rege
572 3448 595 3513 i.
611 3469 639 3513 c.
656 3468 714 3531 per
728 3448 898 3511 servicium
913 3447 958 3512 di.
975 3449 999 3513 f.
1016 3470 1061 3513 m.
1173 3489 1185 3502 -
1318 3489 1330 3502 ·
1464 3490 1475 3503 ·
1608 3451 1779 3518 -Breve

326 3586 432 3649 Abbas
457 3585 499 3648 de
518 3584 775 3669 Wyncbecombe
798 3589 891 3648 tenet
914 3587 1098 3649 manerium
1123 3585 1164 3650 de
1192 3586 1369 3653 Horraoarv
1395 3593 1429 3652 eb
1455 3589 1681 3657 Anannrvrrnorr
1705 3610 1779 3653 cum

282 3674 395 3737 ceteris
410 3673 565 3736 membris
579 3671 619 3736 de
633 3671 765 3765 domino
779 3691 854 3755 rege
870 3672 892 3737 i.
908 3693 936 3737 c.
953 3693 1009 3756 per
1024 3673 1198 3738 servicium
1215 3695 1269 3739 un.
1287 3676 1310 3740 f.
1327 3696 1371 3739 m.
1465 3716 1477 3728 -
1611 3678 1778 3742 -Breve

325 3810 488 3878 Johannes
502 3810 543 3874 de
558 3807 720 3894 Sudelegh
736 3813 828 3873 tenet
842 3810 876 3871 in
894 3809 1077 3878 Sunnnsuu
1092 3811 1279 3881 dedomino
1294 3833 1368 3898 rege
1384 3813 1406 3879 i.
1423 3834 1452 3879 c.
1609 3855 1619 3866 -
1665 3814 1778 3881 Breve.

781 4024 1001 4092 Hunnaunnnr
1024 4047 1068 4092 un
1091 4026 1279 4095 BYSELE.

325 4193 424 4277 Hugo
438 4191 478 4254 de
492 4188 556 4253 Ver
569 4192 660 4253 tene
646 4188 715 4253 ide
729 4186 860 4252 domino
874 4189 987 4274 regei.
1004 4212 1032 4255 c.
1049 4191 1084 4253 in
1102 4191 1324 4257 Psvrvnswvsu
1338 4191 1384 4256 di.
1401 4190 1424 4256 f.
1441 4211 1485 4256 m.
1632 4231 1643 4244 -
1687 4211 1777 4258 xm.

324 4329 485 4393 Hearicus
521 4327 632 4391 Husee
660 4332 693 4390 et
723 4326 907 4391 Wiilcimus
934 4327 976 4390 de
1007 4327 1119 4392 insula
1147 4333 1264 4392 tenent
1294 4328 1335 4392 de
1364 4330 1496 4392 domino
1524 4349 1600 4415 rege
1631 4330 1654 4394 i.
1683 4351 1710 4395 c
1742 4329 1777 4392 in

284 4416 535 4486 Sauraarondi.
551 4415 636 4480 im.
759 4453 770 4465 -
905 4453 916 4466 ·
1341 4456 1353 4469 -
1486 4455 1498 4468 -
1631 4456 1643 4468 ·
1687 4437 1776 4482 xx..a

324 4555 423 4639 Hugo
437 4554 468 4617 le
481 4553 659 4636 Despenser
672 4554 761 4616 tenet
777 4552 818 4615 de
832 4550 963 4616 domino
977 4551 1092 4635 regei.
1108 4572 1136 4618 c.
1153 4552 1199 4617 di.
1216 4552 1239 4618 i.
1257 4573 1301 4619 m.
1318 4554 1353 4616 in
1368 4553 1418 4620 Ln
1435 4553 1642 4622 Mussanuas
1687 4576 1738 4620 ιι.
1748 4574 1776 4620 r

554 4767 745 4833 Hnnnnana
767 4786 811 4831 nn
834 4765 1136 4835 TEUKESBURY
1158 4789 1198 4834 sn
1222 4767 1505 4838 THORNBURY.

325 4933 437 4996 Comes
463 4931 664 4994 Glaucestrie
689 4934 783 4993 tenet
806 4931 984 4993 manerium
1009 4931 1049 4994 de
1076 4930 1296 4998 Tnnuasaurrv
1320 4938 1355 4996 eb
1370 4933 1585 5014 Tuonrvsunv,
1606 4954 1682 4997 cum
1703 4933 1777 4997 aliis

282 5020 434 5085 membris
449 5040 507 5103 per
521 5022 625 5081 totam
642 5018 803 5100 ungriam,
817 5038 873 5100 per
886 5017 1050 5081 baroniam
1066 5020 1106 5083 de
1121 5020 1253 5083 dominc
1266 5042 1343 5104 rege
1358 5020 1381 5086 i.
1397 5043 1425 5087 c.
1441 5043 1497 5105 per
1511 5045 1542 5088 ι.
1558 5023 1582 5087 s.
1599 5042 1643 5087 m.
1661 5025 1692 5171 eg
1708 5020 1753 5086 di.

1690 5129 1774 5173 reve.

326 5349 365 5412 Ia
390 5349 578 5412 Lmaarara
604 5366 647 5408 na
675 5344 899 5410 HEMBURE
926 5345 1362 5426 POKELESCHURCHE,
1388 5371 1428 5414 ns
1455 5369 1490 5414 nv
1520 5369 1701 5414 ununnnno
1731 5369 1775 5412 un

281 5437 351 5502 WE
358 5434 539 5508 STBURY,
555 5432 645 5494 nulia
659 5437 736 5494 sunt
750 5431 842 5493 feoda
856 5452 919 5514 que
933 5431 974 5494 de
988 5433 1121 5495 domino
1134 5455 1209 5517 rege
1233 5441 1386 5498 tenentur
1409 5436 1431 5500 i.
1449 5459 1477 5500 c.
1501 5456 1558 5498 nec
1581 5435 1645 5498 alio
1667 5436 1774 5513 modo,

281 5524 456 5586 seeundum
472 5520 557 5603 quod
573 5521 613 5582 de
628 5519 773 5582 articulis
788 5520 822 5582 in
837 5519 926 5582 brevi
942 5521 1102 5583 contentis
1118 5522 1277 5605 inquirere
1293 5523 1396 5606 potui.
