4117 6200
327 649 391 714 356
999 649 1159 718 HANTS.

322 940 548 1006 commissariis
563 940 687 1005 domini
702 943 796 1026 regis,
812 943 934 1006 virtute
947 941 1115 1006 literarum
1130 943 1319 1026 peteneium
1333 942 1415 1007 dieti
1443 943 1567 1008 domini
1592 943 1677 1029 regis
1701 943 1826 1008 eisdem

326 1027 533 1107 directarum,
561 1049 619 1112 per
645 1034 885 1094 sacramentum
920 1029 1044 1093 Thome
1073 1029 1201 1114 Wayte,
1232 1031 1380 1094 Edwardi
1416 1036 1485 1095 atte
1519 1030 1638 1116 Bytho,
1667 1029 1827 1096 Johannis

323 1114 475 1196 Randolf,
489 1115 646 1180 Johannis
661 1114 858 1202 Langryeeh,
871 1114 1029 1181 Johannis
1046 1116 1188 1196 Lomere,
1210 1116 1354 1182 Galiridi
1378 1118 1478 1198 Hore,
1504 1117 1629 1183 Thome
1654 1117 1759 1198 Dene,
1786 1118 1827 1183 de

326 1200 493 1287 Chydden‚
515 1203 649 1268 Roberti
672 1204 849 1289 Tylburgh,
865 1203 1023 1269 Willelmi
1049 1203 1172 1284 March,
1198 1204 1357 1269 Iohannis
1374 1205 1468 1292 Wyx,
1482 1205 1611 1270 Andree
1636 1205 1776 1281 Estield,
1790 1209 1827 1270 et

327 1288 468 1354 Simonis
501 1290 581 1374 Pay,
611 1291 668 1374 qui
704 1291 746 1354 ad
774 1292 834 1356 hoo
857 1291 974 1375 Jurati,
1001 1295 1037 1356 et
1065 1312 1122 1378 pro
1151 1292 1282 1356 domino
1310 1312 1387 1379 rege
1418 1294 1553 1373 onerati,
1584 1292 1701 1358 dieunt
1730 1313 1827 1377 super

326 1381 567 1444 sacramentum
581 1398 676 1443 suum
690 1378 776 1464 quod
785 1401 839 1444 :-

901 1565 1249 1637 BONTESBURGH.

323 1703 460 1858 d'Pfrior
484 1704 665 1793 Hospitalis
691 1705 803 1773 Sanoti
826 1705 983 1772 Johannis
1009 1705 1191 1772 Jerusalem
1216 1707 1252 1772 in
1278 1707 1397 1794 Anglia
1426 1710 1519 1773 tenet
1548 1709 1584 1772 in
1617 1707 1825 1778 swnwsms

347 1813 371 1862 1.
402 1813 475 1862 .m.

932 1983 1215 2054 I‘YOHEFELD.

366 2120 455 2187 Item
469 2120 564 2187 abbas
578 2114 620 2189 de
632 2119 807 2206 Tyoheield
820 2127 855 2186 et
869 2118 1010 2187 Thomas
1024 2122 1143 2207 Wayte
1158 2125 1272 2188 tenent
1285 2123 1461 2206 separatim
1483 2124 1519 2188 in
1534 2122 1663 2193 Waann
1688 2125 1826 2189 terciam

324 2215 449 2294 partem
469 2208 498 2294 j.
524 2210 548 2276 f.
573 2211 660 2294 qnod
685 2209 869 2276 Willelmus
892 2209 1017 2275 Bruton
1048 2209 1212 2295 quondam
1242 2212 1362 2276 tenuit.
1407 2211 1480 2275 Non
1511 2211 1718 2296 respondent,
1747 2213 1825 2296 quia

324 2297 483 2362 dividitur
497 2297 583 2362 inter
597 2317 661 2365 eos.

366 2436 461 2502 Idem
496 2435 595 2502 abbae
622 2439 717 2502 tenet
745 2437 781 2500 In
812 2435 1029 2505 Sissilisson
1059 2435 1104 2505 di.
1134 2436 1158 2503 I.
1190 2437 1225 2501 in
1256 2439 1448 2522 perpetuam
1481 2437 1702 2505 elemosinam.
1748 2438 1822 2502 Non

323 2524 506 2610 respondet,
521 2526 598 2609 quia
614 2524 711 2590 solvit
726 2524 881 2590 decimas.

369 2662 464 2727 Idem
480 2662 578 2727 abbas
591 2664 685 2726 tenet
698 2661 735 2725 in
750 2660 903 2729 Cnossos
917 2661 962 2728 di.
978 2660 1002 2727 f.
1018 2662 1055 2725 in
1069 2665 1258 2746 perpetuam
1274 2661 1494 2745 elemosinam,
1511 2663 1597 2747 qnod
1611 2662 1772 2728 Henrious
1786 2663 1827 2728 de

324 2749 459 2816 Balston
473 2749 639 2835 quondam
653 2749 777 2815 tenuit.
819 2748 894 2812 Non
908 2749 1095 2833 respondet,
1110 2750 1187 2833 quia
1203 2750 1299 2815 solvit
1316 2749 1468 2818 decimas.

367 2887 459 2953 Idem
482 2887 583 2954 abbas
606 2891 701 2953 tenet
722 2887 845 2952 ibidem
871 2884 966 2972 iiijtun
993 2891 1123 2972 partem
1141 2887 1169 2974 j.
1186 2890 1209 2954 f.
1225 2888 1261 2952 in
1285 2895 1477 2974 perpetuam
1503 2889 1724 2970 elemosinam,
1739 2891 1826 2973 quod

323 2974 627 3131 ffiffissifflet
651 2981 686 3041 et
710 2974 877 3040 Iohannes
901 2975 1023 3040 Pulton
1047 2975 1209 3062 quondam
1224 2980 1413 3044 tenuerunt.
1457 2975 1532 3041 Non
1546 2978 1731 3062 respondet,
1747 2977 1825 3061 qnia

369 3202 465 3269 Idem
489 3203 584 3269 abbas
606 3206 701 3269 tenet
718 3202 843 3268 ibidem
857 3206 1006 3287 quartam
1022 3206 1148 3287 partem
1160 3202 1188 3289 j.
1204 3202 1228 3269 f.
1244 3204 1279 3267 in
1295 3207 1488 3288 perpetuam
1502 3203 1724 3290 elemosinam,
1739 3205 1825 3291 qnod

325 3292 510 3357 Willelmns
523 3291 686 3378 Pageham
700 3291 863 3375 quondam
879 3292 1001 3357 tenuit.
1045 3290 1120 3355 Non
1134 3290 1318 3376 respondet,
1334 3292 1411 3375 quia
1425 3292 1522 3357 solvit
1538 3292 1690 3360 decimas.

367 3427 556 3515 Margareta
577 3428 609 3493 le
629 3426 746 3514 Wayte
769 3429 861 3493 tenet
883 3427 919 3491 in
949 3425 1203 3497 euonowornn
1224 3425 1251 3513 j.
1277 3424 1302 3494 f.
1326 3428 1413 3513 quod
1437 3426 1594 3493 Ricardns
1618 3426 1659 3493 de
1675 3426 1825 3493 Stratton

324 3516 489 3602 quondam
504 3516 626 3582 tenuit.

368 3648 533 3716 Jobannes
558 3648 702 3715 Usedale
727 3653 820 3716 tenet
841 3649 878 3715 in
901 3648 1060 3719 Fossam
1084 3646 1178 3737 fiij-m
1202 3653 1330 3736 partem
1353 3650 1382 3736 j.
1409 3650 1435 3721 f.
1462 3651 1549 3737 quod
1574 3650 1758 3717 willelmus
1782 3650 1825 3717 de

323 3736 472 3825 Hoyvyle
485 3736 649 3823 quondam
664 3737 786 3805 tonuit.
855 3758 861 3765 ·

367 3866 462 3941 Idem
485 3873 649 3942 lohannes
672 3874 816 3942 Uvedale
839 3878 932 3941 tenet
954 3874 991 3941 in
1016 3873 1194 3947 Wmaimt
1217 3875 1263 3944 di.
1290 3875 1314 3944 f.
1341 3876 1428 3960 qnod
1451 3874 1619 3943 Johannee
1643 3876 1685 3941 de
1709 3874 1825 3943 Sontes

323 3963 487 4051 quondam
501 3964 622 4032 tonuit.

906 4150 1247 4225 PORTESDOUNE.

366 4290 502 4358 Duoissa
525 4290 663 4358 Eboraci
687 4294 781 4359 tenet
806 4292 841 4357 in
868 4292 1121 4362 animnos
1147 4295 1183 4358 et
1206 4291 1476 4361 Baommrrenos
1497 4292 1525 4379 j.
1542 4292 1717 4362 taldis.
1738 4293 1825 4379 quod

323 4381 490 4447 eomitissa
505 4380 630 4447 Kanoie
644 4380 807 4467 quondam
822 4381 944 4447 tenuit.

322 4610 339 4672 t
365 4516 523 4671 Rieprdus
548 4517 650 4585 Holte
674 4520 768 4586 tenet
788 4517 824 4582 in
839 4516 1000 4586 saman
1013 4516 1060 4583 di.
1076 4514 1101 4585 f.
1118 4514 1207 4602 quod
1222 4515 1435 4603 Baldewynus
1450 4516 1491 4583 de
1506 4514 1649 4583 Bononia
1662 4517 1825 4605 quondam

341 4625 418 4671 enm
435 4654 446 4675 .

364 4718 473 4784 Abbas
495 4718 537 4783 de
558 4716 735 4805 Tyehefeld
760 4720 854 4783 tenet
878 4716 915 4781 in
940 4717 1112 4785 Pontanena
1133 4717 1161 4803 j.
1178 4716 1202 4785 t.
1218 4717 1254 4781 in
1280 4722 1472 4805 perpetuam
1495 4718 1716 4796 elemosinam,
1737 4718 1824 4804 quod

322 4804 499 4872 Nioholaus
513 4806 553 4872 de
570 4804 785 4892 Oroppehnlle
800 4804 965 4889 quondam
980 4807 1102 4873 tenuit.
1146 4804 1220 4870 Non
1234 4805 1417 4891 respondet,
1431 4806 1507 4890 quia
1522 4806 1620 4872 solvit
1632 4806 1787 4873 decimas.

366 4943 464 5009 Idem
477 4942 576 5009 abbas
590 4947 681 5007 tenet
694 4942 731 5005 in
746 4940 941 5010 (tornationis
955 4940 1001 5007 di.
1017 4941 1041 5006 f.
1057 4940 1093 5005 in
1107 4946 1297 5026 perpetuam
1313 4942 1534 5021 elemosinam,
1554 4942 1641 5029 quod
1663 4940 1822 5008 Rioardns

321 5032 363 5097 de
377 5031 530 5118 Portesey
546 5028 708 5116 quondam
723 5030 847 5097 tenuit.
888 5027 964 5092 Non
978 5030 1161 5113 respondet,
1175 5030 1254 5113 quia
1268 5031 1362 5095 solvit
1376 5029 1531 5097 decimas.

365 5170 459 5236 Prior
480 5169 520 5234 de
546 5166 706 5253 Suthwyk
732 5170 835 5237 tenet,
846 5168 883 5232 in
908 5166 1096 5236 Bonnense
1119 5169 1286 5237 Hannnnn
1300 5172 1334 5234 et
1349 5168 1490 5237 Hannon
1506 5168 1693 5236 Bonnense
1703 5168 1732 5254 j.
1747 5168 1771 5233 f.
1787 5169 1823 5233 in

321 5262 512 5345 perpetuam
526 5256 746 5336 elemosinam,
762 5256 849 5340 qnod
864 5256 1046 5321 Willelmus
1069 5256 1248 5322 Daumvers
1275 5254 1346 5338 (ate)
1365 5260 1400 5322 et
1425 5256 1583 5321 Rioardus
1597 5256 1637 5322 de
1651 5253 1823 5321 Burhunte

320 5346 485 5435 quondam
498 5348 688 5413 tenuerunt.
732 5342 805 5409 Non
821 5345 1003 5430 respondet,
1015 5345 1093 5430 quia
1107 5344 1205 5409 solvit
1221 5343 1373 5412 deoimas.

362 5483 528 5640 Jolpannps
541 5482 684 5637 Uspdale
704 5487 798 5553 tenet
822 5484 858 5549 in
871 5482 1022 5556 ermn
1036 5480 1131 5569 iiijffl
1146 5486 1274 5571 partem
1299 5482 1324 5551 f.
1339 5481 1428 5570 quod
1452 5481 1616 5549 Johannes
1640 5481 1682 5548 de
1706 5480 1823 5551 Souras

320 5594 407 5657 quon
431 5594 484 5639 am
513 5593 589 5639 enm
608 5620 617 5641 .
