4117 6200
301 580 364 641 102
958 577 1144 646 DORSET.

299 794 424 860 Thome
449 792 561 872 Olerk,
592 793 748 861 Willelmi
780 794 856 873 But,
887 792 1024 860 Roberti
1057 792 1206 879 Ohspell,
1237 792 1379 859 Walteri
1419 790 1603 872 Rodenore,
1634 790 1807 858 Johennis

300 906 498 995 Oolyngtcn,
525 908 689 974 Johunnis
716 907 846 996 Playce,
874 908 1027 974 Willeluri
1056 908 1190 985 Fouler,
1217 908 1383 974 Jehunnis
1409 907 1592 995 Frampton
1623 907 1664 972 de
1692 906 1808 986 Cerne,

299 1022 453 1089 Nicholai
470 1022 619 1110 Cluvyle,
639 1024 774 1089 Walteri
801 1022 975 1104 Horsford,
1000 1023 1160 1087 Edwardi
1176 1022 1356 1109 Hurdyng,
1382 1022 1518 1087 Ricardi
1543 1022 1662 1100 Bsrell,
1685 1022 1807 1111 Rugeri

300 1138 393 1224 Pym,
426 1138 564 1203 Henrici
594 1138 714 1215 Baker,
743 1138 908 1204 Johannis
931 1137 1146 1213 Lsrkestoke,
1174 1138 1264 1203 Petri
1293 1137 1471 1224 Pyneford,
1497 1137 1624 1203 Thome
1651 1137 1806 1215 Oculurd,

298 1252 462 1319 Johunnis
489 1252 669 1330 Warmille,
693 1254 857 1319 Johennis
885 1252 1053 1339 Lyveden‚
1082 1251 1239 1318 Willelmi
1265 1251 1400 1338 Bowley
1426 1258 1462 1318 et
1485 1252 1649 1319 Johunnis
1674 1253 1805 1329 Prcute,

299 1368 476 1435 electorum
493 1373 527 1434 et
537 1369 736 1456 juratorum,
752 1368 810 1455 qui
825 1367 941 1435 dicunt
956 1388 1057 1454 super
1070 1371 1312 1433 sacramentum
1327 1387 1436 1445 suum,
1451 1366 1539 1452 quod
1553 1390 1607 1432 :-

865 1577 1226 1647 WHITOHURCHE.

342 1723 484 1789 Thomas
515 1720 715 1807 Carmynow
752 1722 794 1786 de
823 1720 1025 1798 Asshwater,
1057 1720 1093 1783 in
1130 1717 1292 1785 comitutu
1325 1717 1483 1797 Devenie,
1524 1720 1675 1806 armiger,
1706 1721 1800 1785 tenet

300 1814 484 1879 manerium
501 1812 541 1878 de
567 1812 748 1890 CAannv,
774 1812 810 1877 in
833 1811 983 1897 predicto
1009 1809 1182 1875 hundredo
1208 1808 1249 1874 de
1266 1807 1513 1887 Whitchuruhc,
1538 1832 1597 1897 per
1623 1809 1801 1876 servicium

300 1904 488 1969 medietatis
504 1923 559 1967 un.
577 1902 601 1967 f.
619 1924 662 1967 m.

344 2016 512 2083 Robertus
528 2016 623 2102 Payn
647 2015 688 2081 de
710 2014 914 2091 Oarterstcn,
929 2014 965 2078 in
990 2014 1150 2079 comitutu
1175 2012 1324 2089 Dorsete,
1346 2012 1531 2101 gentilmun
1554 2019 1648 2081 tenet
1672 2014 1804 2079 diversa

299 2114 405 2173 terras
421 2111 455 2173 et
470 2110 659 2172 tenementu
674 2106 710 2169 in
727 2103 953 2171 Ossmns‘rou
970 2103 1125 2190 predicta,
1153 2102 1319 2169 incudem
1346 2103 1529 2182 hundredo,
1543 2126 1602 2189 per
1627 2102 1802 2171 servicium

299 2196 490 2264 medietatis
501 2218 556 2262 un.
573 2196 598 2275 i.
615 2216 656 2260 m.

344 2312 530 2377 Willelmus
554 2309 725 2395 Bonevyle
749 2309 790 2375 de
816 2308 926 2385 Shete,
953 2308 989 2373 in
1016 2308 1177 2374 comitatu
1204 2307 1363 2385 Devonie‚
1378 2306 1534 2386 chiveler,
1557 2314 1650 2376 tenet
1671 2307 1805 2377 diverse

298 2408 404 2559 “aricii
418 2407 465 2556 ἐξ
479 2404 670 2555 tfengmentu
696 2398 732 2464 in
755 2398 805 2463 Lu
828 2399 978 2475 Burrus,
1004 2398 1041 2462 in
1068 2397 1181 2464 eodem
1208 2398 1389 2475 hundredo,
1405 2418 1464 2484 per
1487 2399 1665 2466 servicium
1688 2404 1805 2467 oetnve

297 2515 320 2581 p
344 2608 511 2673 Henricus
527 2604 715 2689 Fruunceys
731 2603 772 2668 de
788 2602 961 2679 Pulesdon,
977 2602 1014 2665 in
1030 2601 1144 2666 eodem
1169 2602 1338 2678 comitutu,
1353 2601 1548 2689 gentilmsn,
1564 2608 1658 2669 tenet
1673 2604 1805 2671 diverse

298 2704 405 2765 terras
420 2702 454 2763 et
479 2699 669 2761 tenements
691 2694 728 2757 in
755 2691 942 2757 Purrsnou
970 2690 1129 2777 predicte,
1144 2691 1180 2755 in
1207 2692 1321 2757 ecdem
1348 2691 1529 2772 hundredo,
1545 2714 1604 2781 per
1629 2695 1804 2761 servicium

297 2791 415 2874 quarte
430 2785 535 2871 pertis
551 2805 604 2848 un.
621 2782 646 2849 f.
663 2805 705 2847 nr.

342 2902 444 2988 Hugo
460 2900 555 2985 Pyke
570 2899 610 2963 de
630 2896 819 2981 Merlynche
836 2894 871 2959 in
887 2896 1049 2961 comitutu
1066 2894 1259 2973 Somersete,
1275 2897 1427 2985 armiger,
1442 2903 1535 2964 tenet
1550 2898 1683 2965 diverse
1697 2906 1803 2967 terres

296 2998 341 3149 iii]
356 2994 546 3148 tgnglmentu
568 2989 604 3052 in
632 2987 838 3065 STAUNTON,
854 2985 889 3048 in
912 2984 1025 3050 eodem
1055 2985 1237 3065 hundredo,
1263 3009 1323 3073 per
1353 2989 1530 3054 servicium
1554 2996 1672 3075 quarte
1699 2993 1804 3078 partis

341 3199 483 3264 Thomas
498 3195 613 3260 Brouk
628 3193 669 3259 de
688 3191 853 3276 Holdych‚
869 3191 905 3256 in
921 3191 1083 3258 comitutu
1099 3192 1257 3272 Devenie,
1268 3194 1424 3271 chivuler,
1442 3199 1535 3262 tenet
1550 3196 1682 3263 diversa
1697 3203 1804 3264 terras

296 3294 331 3356 et
345 3292 535 3355 tenementu
550 3285 585 3349 in
602 3282 1486 3360 Bromrsmr,Moumwonr,umours‚1>mc0rmr
1501 3287 1584 3352 etin
1599 3287 1805 3368 Mor-rm,

296 3380 332 3443 in
355 3379 469 3444 eodem
497 3375 679 3451 hundredo,
705 3394 770 3458 que
797 3393 863 3438 non
892 3376 1050 3438 tenentur
1079 3394 1137 3459 per
1164 3372 1340 3440 servicium
1365 3373 1518 3454 militare,
1543 3382 1578 3444 et
1604 3377 1718 3444 valent
1744 3401 1805 3480 per

295 3489 431 3544 sunum,
446 3467 536 3531 ultre
551 3464 692 3550 reprisus
751 3501 765 3513 -
906 3500 919 3513 ·
1056 3499 1069 3511 -
1649 3503 1664 3521 ·
1709 3468 1754 3554 xj.
1764 3467 1802 3533 lc.

340 3581 511 3647 Johannes
527 3578 685 3665 Chydiok
700 3577 741 3642 de
758 3575 924 3661 Chydiok,
940 3576 976 3639 in
992 3576 1153 3642 comitutu
1168 3575 1319 3655 Dorsete,
1335 3575 1490 3656 chivaler,
1505 3584 1598 3646 tenet
1613 3583 1799 3648 manerium

295 3672 336 3737 de
364 3671 531 3738 emmor
562 3666 719 3754 predicta,
745 3666 782 3730 in
813 3665 926 3730 eodem
957 3665 1138 3742 hundredo,
1166 3667 1256 3752 quod
1283 3688 1351 3732 non
1378 3673 1510 3734 tenetur
1538 3692 1598 3756 per
1624 3671 1800 3738 servicium

295 3760 447 3836 militare,
464 3765 498 3824 et
514 3759 605 3822 valet
620 3779 678 3843 per
693 3777 827 3832 annum,
844 3755 933 3820 ultre
949 3755 1093 3841 repriscs
1248 3790 1263 3804 -
1397 3795 1411 3806 ·
1545 3792 1560 3806 ·
1651 3796 1663 3812 ·
1709 3763 1754 3849 xj.
1765 3761 1802 3827 li.

340 3876 504 3950 Jomnna,
519 3873 653 3938 dominu
668 3872 708 3936 de
724 3871 923 3956 Bergevene,
940 3869 1093 3946 wodeve,
1108 3874 1202 3936 tenet
1228 3869 1360 3936 diversa
1374 3877 1481 3938 terras
1502 3877 1536 3938 et
1553 3877 1744 3941 tenemento.
1764 3876 1800 3940 in

296 3967 454 4035 Worrorv
470 3964 563 4029 Frrz
581 3963 692 4040 PAYN,
707 3981 767 4046 per
782 3959 958 4025 servicium
974 3981 1031 4024 un.
1047 3960 1146 4046 parvi
1161 3959 1251 4025 feodi
1267 3961 1393 4027 militis.

338 4081 516 4154 ‚iohannes
532 4077 633 4142 abbas
649 4076 689 4141 de
706 4074 822 4152 Cerne,
838 4074 875 4140 in
902 4074 1051 4161 predicto
1076 4073 1235 4139 comitutu
1251 4073 1391 4142 Dorsete
1418 4081 1510 4143 tenet
1536 4078 1668 4144 diversa
1695 4087 1800 4148 terras

296 4177 330 4238 et
355 4175 553 4244 tenementu,
569 4189 642 4233 eum
671 4165 892 4251 pertinenciis,
918 4165 1007 4250 apud
1038 4164 1191 4229 Wrr'rorv
1218 4165 1254 4228 in
1278 4165 1597 4247 Sruornusnnnuu,
1624 4169 1660 4233 in
1687 4172 1801 4237 eodem

295 4260 477 4336 hundred0,
492 4279 557 4345 que
573 4277 640 4322 non
666 4260 823 4321 tenentur
837 4275 897 4341 per
922 4255 1100 4320 servicium
1124 4255 1280 4336 militare,
1296 4258 1492 4323 amortisatu
1517 4261 1716 4325 monasterio
1740 4284 1801 4329 suo

296 4353 385 4418 beuti
410 4349 500 4416 Petri
529 4348 570 4412 de
596 4345 702 4412 Cerne
733 4345 893 4431 predicte,
920 4344 1005 4411 citra
1036 4366 1161 4409 annum
1192 4345 1385 4410 vicesimum
1416 4347 1573 4414 Edwardi
1602 4349 1703 4435 primi
1726 4359 1802 4438 post

294 4445 519 4526 conquestum,
537 4443 571 4502 et
587 4437 701 4502 valent
715 4457 776 4522 per
790 4456 924 4512 annum,
942 4434 1031 4499 ultre
1046 4435 1187 4522 reprisas
1338 4473 1352 4486 .
1483 4475 1496 4487 .
1542 4438 1635 4525 xxvj,
1647 4461 1670 4504 3·
1687 4442 1756 4529 viij·
1766 4441 1800 4510 d·

340 4553 524 4618 Munerium
553 4552 595 4616 de
610 4551 847 4627 Mnusnwom,
862 4549 899 4614 in
914 4549 1028 4614 eodem
1043 4548 1227 4632 hundrch,
1243 4555 1375 4617 tenetur
1401 4573 1462 4639 per
1475 4551 1652 4619 servicium
1675 4556 1798 4644 integri

296 4643 385 4708 feodi
401 4642 526 4719 militis,
541 4645 576 4705 et
591 4645 642 4706 est
657 4641 693 4704 in
709 4639 862 4705 munibus
879 4637 1003 4703 domini
1020 4639 1108 4725 regis
1124 4661 1220 4719 nune,
1230 4641 1372 4706 racionis
1388 4642 1524 4708 minoris
1539 4644 1640 4709 etatis
1660 4645 1797 4729 Ricardi,

294 4732 387 4798 ducis
404 4730 555 4806 Eboraci,
571 4729 607 4793 in
622 4729 770 4795 custodia
785 4728 866 4794 dicti
882 4728 968 4815 regis
983 4727 1165 4794 existentis

340 4875 426 4938 Item
442 4870 580 4938 ulterius
596 4871 713 4936 dieunt
728 4870 867 4956 predicti
878 4869 1056 4956 juratores,
1069 4871 1156 4956 quod
1167 4897 1222 4936 2-—

920 5081 1182 5149 RYDEHOVE.

340 5221 501 5288 Ricardus
516 5218 608 5284 More
623 5218 664 5284 de
676 5217 842 5306 Pykyate‚
851 5220 887 5284 in
902 5223 1050 5308 predicto
1066 5222 1226 5289 comitutu
1239 5223 1387 5301 Dorsete,
1398 5227 1550 5312 armiger,
1562 5229 1656 5292 tenet
1667 5224 1799 5292 diversa

295 5326 400 5386 temus
424 5315 458 5377 et
484 5309 725 5375 tenementum
753 5309 1023 5391 Monunsrnonu,
1040 5313 1076 5377 in
1092 5313 1237 5400 predicto
1265 5313 1436 5380 hundredo
1462 5316 1504 5381 de
1531 5315 1723 5402 Rydehove,
1738 5339 1799 5404 per

293 5403 467 5478 servicium
482 5403 576 5467 sexte
592 5399 693 5486 partis
709 5421 764 5466 un.
780 5399 804 5466 f.
820 5421 864 5466 m.
