<?xml version="1.0" encoding="UTF-8"?>
<!DOCTYPE html PUBLIC "-//W3C//DTD XHTML 1.0 Transitional//EN"
    "http://www.w3.org/TR/xhtml1/DTD/xhtml1-transitional.dtd">
<html xmlns="http://www.w3.org/1999/xhtml" xml:lang="en" lang="en">
 <head>
  <title>
</title>
<meta http-equiv="Content-Type" content="text/html;charset=utf-8" />
  <meta name='ocr-system' content='tesseract 3.04.00' />
  <meta name='ocr-capabilities' content='ocr_page ocr_carea ocr_par ocr_line ocrx_word'/>
</head>
<body>
  <div class='ocr_page' id='page_1' title='image "./inquisitionsand01offigoog_0220.png"; bbox 0 0 4117 6200; ppageno 0'>
   <div class='ocr_carea' id='block_1_1' title="bbox 307 616 1136 686">
    <p class='ocr_par' dir='ltr' id='par_1_1' title="bbox 307 616 1136 686">
     <span class='ocr_line' id='line_1_1' title="bbox 307 616 1136 686; baseline -0.001 -3"><span class='ocrx_word' id='word_1_1' title='bbox 307 616 371 683; x_wconf 73' lang='lat'>206</span> <span class='ocrx_word' id='word_1_2' title='bbox 978 616 1136 686; x_wconf 82' lang='lat' dir='ltr'>ESSEX.</span> 
     </span>
    </p>
   </div>
   <div class='ocr_carea' id='block_1_2' title="bbox 310 907 1801 1311">
    <p class='ocr_par' dir='ltr' id='par_1_2' title="bbox 310 907 1800 1081">
     <span class='ocr_line' id='line_1_2' title="bbox 313 907 1800 1060; baseline 0.007 -86"><span class='ocrx_word' id='word_1_3' title='bbox 313 908 495 1060; x_wconf 53' lang='lat' dir='ltr'><strong>...Efflfflia</strong></span> <span class='ocrx_word' id='word_1_4' title='bbox 510 910 551 973; x_wconf 92' lang='lat' dir='ltr'>de</span> <span class='ocrx_word' id='word_1_5' title='bbox 565 908 656 975; x_wconf 80' lang='lat' dir='ltr'>Anus</span> <span class='ocrx_word' id='word_1_6' title='bbox 679 907 811 974; x_wconf 80' lang='lat' dir='ltr'>Lrvsau</span> <span class='ocrx_word' id='word_1_7' title='bbox 827 912 958 973; x_wconf 81' lang='lat' dir='ltr'>taxatur</span> <span class='ocrx_word' id='word_1_8' title='bbox 979 910 1020 973; x_wconf 91' lang='lat' dir='ltr'>ab</span> <span class='ocrx_word' id='word_1_9' title='bbox 1044 912 1179 994; x_wconf 86' lang='lat' dir='ltr'>antiquo</span> <span class='ocrx_word' id='word_1_10' title='bbox 1204 912 1267 995; x_wconf 81' lang='lat' dir='ltr'>xvj.</span> <span class='ocrx_word' id='word_1_11' title='bbox 1293 932 1424 979; x_wconf 86' lang='lat' dir='ltr'>marcas.</span> <span class='ocrx_word' id='word_1_12' title='bbox 1474 914 1671 997; x_wconf 76' lang='lat' dir='ltr'>Subsidium,</span> <span class='ocrx_word' id='word_1_13' title='bbox 1699 918 1800 1003; x_wconf 83' lang='lat' dir='ltr'>xxj.s.</span> 
     </span>
     <span class='ocr_line' id='line_1_3' title="bbox 310 1018 414 1081; baseline 0.019 -22"><span class='ocrx_word' id='word_1_14' title='bbox 310 1018 372 1081; x_wconf 81' lang='lat' dir='ltr'>rrrJ.</span> <span class='ocrx_word' id='word_1_15' title='bbox 406 1046 414 1061; x_wconf 92' lang='lat'><strong>.</strong></span> 
     </span>
    </p>

    <p class='ocr_par' dir='ltr' id='par_1_3' title="bbox 316 1134 1801 1311">
     <span class='ocr_line' id='line_1_4' title="bbox 352 1134 1801 1229; baseline 0.009 -32"><span class='ocrx_word' id='word_1_16' title='bbox 352 1135 497 1199; x_wconf 85' lang='lat' dir='ltr'>Ecclesia</span> <span class='ocrx_word' id='word_1_17' title='bbox 511 1134 552 1199; x_wconf 91' lang='lat' dir='ltr'>de</span> <span class='ocrx_word' id='word_1_18' title='bbox 567 1135 727 1201; x_wconf 74' lang='lat' dir='ltr'>Tusmos</span> <span class='ocrx_word' id='word_1_19' title='bbox 743 1156 787 1200; x_wconf 83' lang='lat' dir='ltr'>nu</span> <span class='ocrx_word' id='word_1_20' title='bbox 802 1134 909 1201; x_wconf 87' lang='lat' dir='ltr'>Bosoo</span> <span class='ocrx_word' id='word_1_21' title='bbox 922 1139 1054 1200; x_wconf 85' lang='lat' dir='ltr'>taxatur</span> <span class='ocrx_word' id='word_1_22' title='bbox 1068 1136 1109 1199; x_wconf 91' lang='lat' dir='ltr'>ad</span> <span class='ocrx_word' id='word_1_23' title='bbox 1124 1138 1180 1220; x_wconf 89' lang='lat' dir='ltr'>vij.</span> <span class='ocrx_word' id='word_1_24' title='bbox 1203 1157 1335 1205; x_wconf 81' lang='lat' dir='ltr'>maresa</span> <span class='ocrx_word' id='word_1_25' title='bbox 1385 1139 1585 1224; x_wconf 76' lang='lat' dir='ltr'>Subsidium,</span> <span class='ocrx_word' id='word_1_26' title='bbox 1598 1142 1675 1227; x_wconf 86' lang='lat' dir='ltr'>vj.s.</span> <span class='ocrx_word' id='word_1_27' title='bbox 1690 1142 1758 1229; x_wconf 88' lang='lat' dir='ltr'>viij.</span> <span class='ocrx_word' id='word_1_28' title='bbox 1767 1142 1801 1210; x_wconf 84' lang='lat' dir='ltr'>d.</span> 
     </span>
     <span class='ocr_line' id='line_1_5' title="bbox 316 1220 981 1311; baseline -0.008 -22"><span class='ocrx_word' id='word_1_29' title='bbox 316 1221 439 1311; x_wconf 82' lang='lat' dir='ltr'>[Wbote</span> <span class='ocrx_word' id='word_1_30' title='bbox 453 1228 545 1306; x_wconf 75' lang='lat' dir='ltr'>cuiry</span> <span class='ocrx_word' id='word_1_31' title='bbox 559 1220 740 1288; x_wconf 81' lang='lat' dir='ltr'>cancctlcd:</span> <span class='ocrx_word' id='word_1_32' title='bbox 765 1224 842 1306; x_wconf 90' lang='lat' dir='ltr'>quia</span> <span class='ocrx_word' id='word_1_33' title='bbox 858 1220 981 1308; x_wconf 68' lang='lat' dir='ltr'>supru]</span> 
     </span>
    </p>
   </div>
   <div class='ocr_carea' id='block_1_3' title="bbox 306 1360 1797 1537">
    <p class='ocr_par' dir='ltr' id='par_1_4' title="bbox 306 1360 1797 1537">
     <span class='ocr_line' id='line_1_6' title="bbox 350 1360 1797 1452; baseline 0.005 -24"><span class='ocrx_word' id='word_1_34' title='bbox 350 1360 486 1428; x_wconf 84' lang='lat' dir='ltr'>Summe</span> <span class='ocrx_word' id='word_1_35' title='bbox 526 1360 749 1445; x_wconf 80' lang='lat' dir='ltr'>parochiarum</span> <span class='ocrx_word' id='word_1_36' title='bbox 774 1381 804 1425; x_wconf 83' lang='lat' dir='ltr'>x.</span> <span class='ocrx_word' id='word_1_37' title='bbox 832 1380 955 1423; x_wconf 80' lang='lat' dir='ltr'>marcas</span> <span class='ocrx_word' id='word_1_38' title='bbox 995 1364 1029 1423; x_wconf 92' lang='lat' dir='ltr'>et</span> <span class='ocrx_word' id='word_1_39' title='bbox 1055 1360 1144 1424; x_wconf 84' lang='lat' dir='ltr'>ultra</span> <span class='ocrx_word' id='word_1_40' title='bbox 1166 1361 1261 1427; x_wconf 84' lang='lat' dir='ltr'>clxix.</span> <span class='ocrx_word' id='word_1_41' title='bbox 1290 1360 1327 1429; x_wconf 77' lang='lat' dir='ltr'>n.</span> <span class='ocrx_word' id='word_1_42' title='bbox 1353 1364 1456 1448; x_wconf 83' lang='lat' dir='ltr'>xiij.s.</span> <span class='ocrx_word' id='word_1_43' title='bbox 1479 1364 1600 1451; x_wconf 62' lang='lat' dir='ltr'>iiiijo.</span> <span class='ocrx_word' id='word_1_44' title='bbox 1648 1367 1738 1433; x_wconf 85' lang='lat' dir='ltr'>Item</span> <span class='ocrx_word' id='word_1_45' title='bbox 1755 1369 1797 1452; x_wconf 86' lang='lat' dir='ltr'>vj.</span> 
     </span>
     <span class='ocr_line' id='line_1_7' title="bbox 306 1446 1086 1537; baseline 0 -24"><span class='ocrx_word' id='word_1_46' title='bbox 306 1448 454 1537; x_wconf 79' lang='lat' dir='ltr'>parochie</span> <span class='ocrx_word' id='word_1_47' title='bbox 469 1450 509 1513; x_wconf 87' lang='lat' dir='ltr'>de</span> <span class='ocrx_word' id='word_1_48' title='bbox 524 1469 607 1513; x_wconf 89' lang='lat' dir='ltr'>novo</span> <span class='ocrx_word' id='word_1_49' title='bbox 621 1453 740 1527; x_wconf 75' lang='lat' dir='ltr'>tanate,</span> <span class='ocrx_word' id='word_1_50' title='bbox 756 1452 791 1511; x_wconf 85' lang='lat' dir='ltr'>et</span> <span class='ocrx_word' id='word_1_51' title='bbox 804 1446 890 1510; x_wconf 84' lang='lat' dir='ltr'>infra</span> <span class='ocrx_word' id='word_1_52' title='bbox 904 1468 935 1512; x_wconf 87' lang='lat' dir='ltr'>x.</span> <span class='ocrx_word' id='word_1_53' title='bbox 951 1466 1086 1513; x_wconf 88' lang='lat' dir='ltr'>marcas.</span> 
     </span>
    </p>
   </div>
   <div class='ocr_carea' id='block_1_4' title="bbox 701 1582 1379 1672">
    <p class='ocr_par' dir='ltr' id='par_1_5' title="bbox 701 1582 1379 1672">
     <span class='ocr_line' id='line_1_8' title="bbox 701 1582 1379 1672; baseline 0.01 -25"><span class='ocrx_word' id='word_1_54' title='bbox 701 1584 835 1655; x_wconf 83' lang='lat' dir='ltr'>Summa</span> <span class='ocrx_word' id='word_1_55' title='bbox 849 1584 983 1649; x_wconf 75' lang='lat' dir='ltr'>subsidii</span> <span class='ocrx_word' id='word_1_56' title='bbox 999 1584 1090 1669; x_wconf 81' lang='lat' dir='ltr'>xviij.</span> <span class='ocrx_word' id='word_1_57' title='bbox 1106 1582 1145 1650; x_wconf 85' lang='lat' dir='ltr'>lc&#39;.</span> <span class='ocrx_word' id='word_1_58' title='bbox 1161 1586 1258 1652; x_wconf 86' lang='lat' dir='ltr'>xix.s.</span> <span class='ocrx_word' id='word_1_59' title='bbox 1274 1586 1379 1672; x_wconf 69' lang='lat' dir='ltr'>iiijd.</span> 
     </span>
    </p>
   </div>
   <div class='ocr_carea' id='block_1_5' title="bbox 698 1722 1304 1809">
    <p class='ocr_par' dir='ltr' id='par_1_6' title="bbox 698 1722 1304 1809">
     <span class='ocr_line' id='line_1_9' title="bbox 698 1722 1304 1809; baseline 0.003 -19"><span class='ocrx_word' id='word_1_60' title='bbox 698 1722 833 1791; x_wconf 89' lang='lat' dir='ltr'>Summs</span> <span class='ocrx_word' id='word_1_61' title='bbox 847 1724 1048 1809; x_wconf 83' lang='lat' dir='ltr'>superoneris</span> <span class='ocrx_word' id='word_1_62' title='bbox 1063 1724 1176 1808; x_wconf 62' lang='lat' dir='ltr'>xxiia.</span> <span class='ocrx_word' id='word_1_63' title='bbox 1192 1723 1304 1809; x_wconf 66' lang='lat' dir='ltr'>viijd.</span> 
     </span>
    </p>
   </div>
   <div class='ocr_carea' id='block_1_6' title="bbox 726 2048 1385 2118">
    <p class='ocr_par' dir='ltr' id='par_1_7' title="bbox 726 2048 1385 2118">
     <span class='ocr_line' id='line_1_10' title="bbox 726 2048 1385 2118; baseline 0.005 -5"><span class='ocrx_word' id='word_1_64' title='bbox 726 2048 947 2115; x_wconf 82' lang='lat' dir='ltr'>Hunnasnusr</span> <span class='ocrx_word' id='word_1_65' title='bbox 970 2068 1014 2114; x_wconf 83' lang='lat' dir='ltr'>nu</span> <span class='ocrx_word' id='word_1_66' title='bbox 1037 2048 1385 2118; x_wconf 83' lang='lat' dir='ltr'>GHELMESFORD.</span> 
     </span>
    </p>
   </div>
   <div class='ocr_carea' id='block_1_7' title="bbox 304 2214 1793 2375">
    <p class='ocr_par' dir='ltr' id='par_1_8' title="bbox 304 2214 1793 2375">
     <span class='ocr_line' id='line_1_11' title="bbox 343 2214 1793 2309; baseline 0.003 -24"><span class='ocrx_word' id='word_1_67' title='bbox 343 2221 487 2285; x_wconf 76' lang='lat' dir='ltr'>Ecclesia</span> <span class='ocrx_word' id='word_1_68' title='bbox 513 2218 553 2281; x_wconf 87' lang='lat' dir='ltr'>de</span> <span class='ocrx_word' id='word_1_69' title='bbox 576 2214 698 2283; x_wconf 74' lang='lat' dir='ltr'>Maeui</span> <span class='ocrx_word' id='word_1_70' title='bbox 712 2215 885 2285; x_wconf 78' lang='lat' dir='ltr'>Wanunrrr</span> <span class='ocrx_word' id='word_1_71' title='bbox 909 2221 1041 2281; x_wconf 85' lang='lat' dir='ltr'>taxatur</span> <span class='ocrx_word' id='word_1_72' title='bbox 1064 2215 1105 2279; x_wconf 90' lang='lat' dir='ltr'>ab</span> <span class='ocrx_word' id='word_1_73' title='bbox 1127 2217 1261 2301; x_wconf 81' lang='lat' dir='ltr'>antiquo</span> <span class='ocrx_word' id='word_1_74' title='bbox 1283 2218 1325 2283; x_wconf 82' lang='lat' dir='ltr'>lx.</span> <span class='ocrx_word' id='word_1_75' title='bbox 1348 2238 1482 2285; x_wconf 87' lang='lat' dir='ltr'>marcas.</span> <span class='ocrx_word' id='word_1_76' title='bbox 1531 2220 1733 2304; x_wconf 87' lang='lat' dir='ltr'>Subsidium,</span> <span class='ocrx_word' id='word_1_77' title='bbox 1744 2224 1793 2309; x_wconf 78' lang='lat' dir='ltr'>rj.</span> 
     </span>
     <span class='ocr_line' id='line_1_12' title="bbox 304 2328 438 2375; baseline -0.007 0"><span class='ocrx_word' id='word_1_78' title='bbox 304 2328 438 2375; x_wconf 80' lang='lat' dir='ltr'>marcas.</span> 
     </span>
    </p>
   </div>
   <div class='ocr_carea' id='block_1_8' title="bbox 341 2441 1671 2532">
    <p class='ocr_par' dir='ltr' id='par_1_9' title="bbox 341 2441 1671 2532">
     <span class='ocr_line' id='line_1_13' title="bbox 341 2441 1671 2532; baseline 0.003 -22"><span class='ocrx_word' id='word_1_79' title='bbox 341 2448 469 2514; x_wconf 87' lang='lat' dir='ltr'>Vicaria</span> <span class='ocrx_word' id='word_1_80' title='bbox 484 2444 630 2531; x_wconf 89' lang='lat' dir='ltr'>ejusdem</span> <span class='ocrx_word' id='word_1_81' title='bbox 645 2446 774 2507; x_wconf 86' lang='lat' dir='ltr'>taxatur</span> <span class='ocrx_word' id='word_1_82' title='bbox 788 2441 829 2505; x_wconf 92' lang='lat' dir='ltr'>ab</span> <span class='ocrx_word' id='word_1_83' title='bbox 843 2442 981 2525; x_wconf 85' lang='lat' dir='ltr'>antiquo</span> <span class='ocrx_word' id='word_1_84' title='bbox 995 2464 1025 2507; x_wconf 86' lang='lat' dir='ltr'>x.</span> <span class='ocrx_word' id='word_1_85' title='bbox 1043 2462 1178 2508; x_wconf 84' lang='lat' dir='ltr'>marcas.</span> <span class='ocrx_word' id='word_1_86' title='bbox 1225 2443 1426 2525; x_wconf 88' lang='lat' dir='ltr'>Subsidium,</span> <span class='ocrx_word' id='word_1_87' title='bbox 1442 2445 1546 2529; x_wconf 70' lang='lat' dir='ltr'>xiijs.</span> <span class='ocrx_word' id='word_1_88' title='bbox 1565 2446 1671 2532; x_wconf 82' lang='lat' dir='ltr'>iiij.d.</span> 
     </span>
    </p>
   </div>
   <div class='ocr_carea' id='block_1_9' title="bbox 296 2579 1789 2762">
    <p class='ocr_par' dir='ltr' id='par_1_10' title="bbox 296 2579 1789 2762">
     <span class='ocr_line' id='line_1_14' title="bbox 337 2579 1789 2668; baseline -0.001 -15"><span class='ocrx_word' id='word_1_89' title='bbox 337 2590 382 2653; x_wconf 81' lang='lat' dir='ltr'>Et</span> <span class='ocrx_word' id='word_1_90' title='bbox 396 2588 569 2652; x_wconf 88' lang='lat' dir='ltr'>onerantur</span> <span class='ocrx_word' id='word_1_91' title='bbox 584 2602 677 2666; x_wconf 87' lang='lat' dir='ltr'>super</span> <span class='ocrx_word' id='word_1_92' title='bbox 693 2585 882 2663; x_wconf 90' lang='lat' dir='ltr'>compotum</span> <span class='ocrx_word' id='word_1_93' title='bbox 896 2581 937 2643; x_wconf 89' lang='lat' dir='ltr'>de</span> <span class='ocrx_word' id='word_1_94' title='bbox 951 2579 1020 2663; x_wconf 85' lang='lat' dir='ltr'>viij.</span> <span class='ocrx_word' id='word_1_95' title='bbox 1037 2600 1064 2645; x_wconf 86' lang='lat' dir='ltr'>s.</span> <span class='ocrx_word' id='word_1_96' title='bbox 1081 2582 1121 2644; x_wconf 89' lang='lat' dir='ltr'>de</span> <span class='ocrx_word' id='word_1_97' title='bbox 1135 2582 1280 2645; x_wconf 90' lang='lat' dir='ltr'>subsidio</span> <span class='ocrx_word' id='word_1_98' title='bbox 1295 2582 1462 2666; x_wconf 84' lang='lat' dir='ltr'>cujusdem</span> <span class='ocrx_word' id='word_1_99' title='bbox 1477 2585 1635 2667; x_wconf 88' lang='lat' dir='ltr'>porcionis</span> <span class='ocrx_word' id='word_1_100' title='bbox 1662 2586 1724 2668; x_wconf 85' lang='lat' dir='ltr'>iiij.</span> <span class='ocrx_word' id='word_1_101' title='bbox 1750 2585 1789 2653; x_wconf 78' lang='lat' dir='ltr'>lc&#39;.</span> 
     </span>
     <span class='ocr_line' id='line_1_15' title="bbox 296 2666 1750 2762; baseline -0.002 -21"><span class='ocrx_word' id='word_1_102' title='bbox 296 2697 394 2762; x_wconf 90' lang='lat' dir='ltr'>qnam</span> <span class='ocrx_word' id='word_1_103' title='bbox 407 2674 504 2739; x_wconf 88' lang='lat' dir='ltr'>abbas</span> <span class='ocrx_word' id='word_1_104' title='bbox 519 2668 705 2736; x_wconf 84' lang='lat' dir='ltr'>Oolchcstre</span> <span class='ocrx_word' id='word_1_105' title='bbox 720 2667 858 2753; x_wconf 83' lang='lat' dir='ltr'>percipit</span> <span class='ocrx_word' id='word_1_106' title='bbox 872 2666 1005 2746; x_wconf 91' lang='lat' dir='ltr'>ibidem,</span> <span class='ocrx_word' id='word_1_107' title='bbox 1021 2668 1173 2732; x_wconf 87' lang='lat' dir='ltr'>videlicet</span> <span class='ocrx_word' id='word_1_108' title='bbox 1183 2668 1280 2752; x_wconf 81' lang='lat' dir='ltr'>juxta</span> <span class='ocrx_word' id='word_1_109' title='bbox 1295 2668 1434 2734; x_wconf 86' lang='lat' dir='ltr'>formam</span> <span class='ocrx_word' id='word_1_110' title='bbox 1450 2674 1678 2751; x_wconf 75' lang='lat' dir='ltr'>concessionis,</span> <span class='ocrx_word' id='word_1_111' title='bbox 1692 2672 1750 2739; x_wconf 81' lang='lat' dir='ltr'>dcc.</span> 
     </span>
    </p>
   </div>
   <div class='ocr_carea' id='block_1_10' title="bbox 294 2806 1791 3216">
    <p class='ocr_par' dir='ltr' id='par_1_11' title="bbox 301 2806 1789 2988">
     <span class='ocr_line' id='line_1_16' title="bbox 336 2806 1789 2965; baseline -0.001 -87"><span class='ocrx_word' id='word_1_112' title='bbox 336 2812 479 2965; x_wconf 62' lang='lat' dir='ltr'>Eeplesia</span> <span class='ocrx_word' id='word_1_113' title='bbox 501 2810 543 2875; x_wconf 90' lang='lat' dir='ltr'>ds</span> <span class='ocrx_word' id='word_1_114' title='bbox 575 2811 779 2876; x_wconf 79' lang='lat' dir='ltr'>Baounrnnn</span> <span class='ocrx_word' id='word_1_115' title='bbox 804 2810 932 2870; x_wconf 83' lang='lat' dir='ltr'>taxetur</span> <span class='ocrx_word' id='word_1_116' title='bbox 957 2806 999 2871; x_wconf 92' lang='lat' dir='ltr'>ab</span> <span class='ocrx_word' id='word_1_117' title='bbox 1022 2808 1157 2891; x_wconf 88' lang='lat' dir='ltr'>antiqno</span> <span class='ocrx_word' id='word_1_118' title='bbox 1180 2830 1230 2873; x_wconf 82' lang='lat' dir='ltr'>xx.</span> <span class='ocrx_word' id='word_1_119' title='bbox 1259 2828 1394 2876; x_wconf 87' lang='lat' dir='ltr'>marcas.</span> <span class='ocrx_word' id='word_1_120' title='bbox 1442 2809 1644 2889; x_wconf 86' lang='lat' dir='ltr'>Subsidium,</span> <span class='ocrx_word' id='word_1_121' title='bbox 1669 2810 1789 2894; x_wconf 68' lang='lat' dir='ltr'>xxvjs.</span> 
     </span>
     <span class='ocr_line' id='line_1_17' title="bbox 301 2925 411 2988; baseline -0.018 -19"><span class='ocrx_word' id='word_1_122' title='bbox 301 2925 369 2988; x_wconf 70' lang='grc' dir='ltr'>πῃ.</span> <span class='ocrx_word' id='word_1_123' title='bbox 403 2950 411 2967; x_wconf 95' lang='grc'><strong>.</strong></span> 
     </span>
    </p>

    <p class='ocr_par' dir='ltr' id='par_1_12' title="bbox 294 3032 1791 3216">
     <span class='ocr_line' id='line_1_18' title="bbox 339 3032 1791 3121; baseline -0.001 -17"><span class='ocrx_word' id='word_1_124' title='bbox 339 3040 385 3106; x_wconf 88' lang='lat' dir='ltr'>Et</span> <span class='ocrx_word' id='word_1_125' title='bbox 408 3038 582 3104; x_wconf 86' lang='lat' dir='ltr'>onerantur</span> <span class='ocrx_word' id='word_1_126' title='bbox 603 3053 699 3119; x_wconf 89' lang='lat' dir='ltr'>super</span> <span class='ocrx_word' id='word_1_127' title='bbox 722 3036 909 3115; x_wconf 85' lang='lat' dir='ltr'>compotum</span> <span class='ocrx_word' id='word_1_128' title='bbox 935 3033 975 3096; x_wconf 91' lang='lat' dir='ltr'>de</span> <span class='ocrx_word' id='word_1_129' title='bbox 995 3054 1024 3098; x_wconf 86' lang='lat' dir='ltr'>x.</span> <span class='ocrx_word' id='word_1_130' title='bbox 1032 3052 1059 3096; x_wconf 84' lang='lat' dir='ltr'>s.</span> <span class='ocrx_word' id='word_1_131' title='bbox 1096 3032 1135 3095; x_wconf 88' lang='lat' dir='ltr'>de</span> <span class='ocrx_word' id='word_1_132' title='bbox 1161 3034 1303 3098; x_wconf 87' lang='lat' dir='ltr'>subsidio</span> <span class='ocrx_word' id='word_1_133' title='bbox 1326 3034 1495 3120; x_wconf 85' lang='lat' dir='ltr'>cujusdam</span> <span class='ocrx_word' id='word_1_134' title='bbox 1530 3036 1699 3121; x_wconf 83' lang='lat' dir='ltr'>pensionis</span> <span class='ocrx_word' id='word_1_135' title='bbox 1726 3056 1791 3102; x_wconf 79' lang='lat' dir='ltr'>cs.</span> 
     </span>
     <span class='ocr_line' id='line_1_19' title="bbox 294 3121 1790 3216; baseline -0.004 -21"><span class='ocrx_word' id='word_1_136' title='bbox 294 3151 393 3216; x_wconf 86' lang='lat' dir='ltr'>qnam</span> <span class='ocrx_word' id='word_1_137' title='bbox 408 3128 495 3212; x_wconf 88' lang='lat' dir='ltr'>prior</span> <span class='ocrx_word' id='word_1_138' title='bbox 511 3126 628 3193; x_wconf 81' lang='lat' dir='ltr'>Sancte</span> <span class='ocrx_word' id='word_1_139' title='bbox 644 3121 826 3199; x_wconf 84' lang='lat' dir='ltr'>Trinitatis,</span> <span class='ocrx_word' id='word_1_140' title='bbox 836 3121 980 3201; x_wconf 90' lang='lat' dir='ltr'>London,</span> <span class='ocrx_word' id='word_1_141' title='bbox 992 3121 1130 3205; x_wconf 81' lang='lat' dir='ltr'>percipit</span> <span class='ocrx_word' id='word_1_142' title='bbox 1144 3121 1277 3202; x_wconf 86' lang='lat' dir='ltr'>ibidem,</span> <span class='ocrx_word' id='word_1_143' title='bbox 1292 3123 1447 3187; x_wconf 89' lang='lat' dir='ltr'>videlicet</span> <span class='ocrx_word' id='word_1_144' title='bbox 1462 3124 1555 3204; x_wconf 78' lang='lat' dir='ltr'>iuxta</span> <span class='ocrx_word' id='word_1_145' title='bbox 1571 3125 1722 3204; x_wconf 84' lang='lat' dir='ltr'>formam,</span> <span class='ocrx_word' id='word_1_146' title='bbox 1734 3123 1790 3189; x_wconf 76' lang='lat' dir='ltr'>dcc.</span> 
     </span>
    </p>
   </div>
   <div class='ocr_carea' id='block_1_11' title="bbox 293 3258 1787 3438">
    <p class='ocr_par' dir='ltr' id='par_1_13' title="bbox 293 3258 1787 3438">
     <span class='ocr_line' id='line_1_20' title="bbox 336 3258 1787 3344; baseline -0.005 -13"><span class='ocrx_word' id='word_1_147' title='bbox 336 3265 481 3331; x_wconf 82' lang='lat' dir='ltr'>Ecclesia</span> <span class='ocrx_word' id='word_1_148' title='bbox 509 3264 549 3326; x_wconf 90' lang='lat' dir='ltr'>de</span> <span class='ocrx_word' id='word_1_149' title='bbox 578 3262 687 3327; x_wconf 80' lang='lat' dir='ltr'>Psavs</span> <span class='ocrx_word' id='word_1_150' title='bbox 716 3259 810 3324; x_wconf 80' lang='lat' dir='ltr'>Luna</span> <span class='ocrx_word' id='word_1_151' title='bbox 834 3264 968 3323; x_wconf 84' lang='lat' dir='ltr'>taxatur</span> <span class='ocrx_word' id='word_1_152' title='bbox 993 3258 1034 3320; x_wconf 88' lang='lat' dir='ltr'>ab</span> <span class='ocrx_word' id='word_1_153' title='bbox 1062 3259 1196 3342; x_wconf 88' lang='lat' dir='ltr'>antiquo</span> <span class='ocrx_word' id='word_1_154' title='bbox 1226 3258 1305 3324; x_wconf 79' lang='lat' dir='ltr'>xlc.</span> <span class='ocrx_word' id='word_1_155' title='bbox 1367 3258 1486 3340; x_wconf 90' lang='lat' dir='ltr'>Nichil,</span> <span class='ocrx_word' id='word_1_156' title='bbox 1510 3263 1588 3344; x_wconf 85' lang='lat' dir='ltr'>quia</span> <span class='ocrx_word' id='word_1_157' title='bbox 1618 3280 1684 3325; x_wconf 90' lang='lat' dir='ltr'>non</span> <span class='ocrx_word' id='word_1_158' title='bbox 1709 3266 1787 3324; x_wconf 88' lang='lat' dir='ltr'>sunt</span> 
     </span>
     <span class='ocr_line' id='line_1_21' title="bbox 293 3346 1784 3438; baseline -0.007 -15"><span class='ocrx_word' id='word_1_159' title='bbox 293 3363 346 3423; x_wconf 54' lang='grc' dir='ltr'>ιω</span> <span class='ocrx_word' id='word_1_160' title='bbox 376 3372 505 3438; x_wconf 87' lang='lat' dir='ltr'>persone</span> <span class='ocrx_word' id='word_1_161' title='bbox 534 3349 765 3425; x_wconf 82' lang='lat' dir='ltr'>inhabitantes,</span> <span class='ocrx_word' id='word_1_162' title='bbox 791 3346 955 3410; x_wconf 90' lang='lat' dir='ltr'>domicilia</span> <span class='ocrx_word' id='word_1_163' title='bbox 983 3350 1146 3422; x_wconf 82' lang='lat' dir='ltr'>tenentes,</span> <span class='ocrx_word' id='word_1_164' title='bbox 1175 3347 1259 3410; x_wconf 89' lang='lat' dir='ltr'>sicut</span> <span class='ocrx_word' id='word_1_165' title='bbox 1289 3349 1475 3412; x_wconf 86' lang='lat' dir='ltr'>continetur</span> <span class='ocrx_word' id='word_1_166' title='bbox 1505 3350 1540 3411; x_wconf 92' lang='lat' dir='ltr'>in</span> <span class='ocrx_word' id='word_1_167' title='bbox 1570 3349 1784 3432; x_wconf 89' lang='lat' dir='ltr'>inquisicione</span> 
     </span>
    </p>
   </div>
   <div class='ocr_carea' id='block_1_12' title="bbox 297 3443 1790 3883">
    <p class='ocr_par' dir='ltr' id='par_1_14' title="bbox 297 3443 1788 3754">
     <span class='ocr_line' id='line_1_22' title="bbox 317 3443 454 3507; baseline -0.007 0"><span class='ocrx_word' id='word_1_168' title='bbox 317 3443 454 3507; x_wconf 86' lang='lat' dir='ltr'>redicta.</span> 
     </span>
     <span class='ocr_line' id='line_1_23' title="bbox 297 3466 1788 3730; baseline -0.005 -87"><span class='ocrx_word' id='word_1_169' title='bbox 297 3466 318 3529; x_wconf 75' lang='lat' dir='ltr'>p</span> <span class='ocrx_word' id='word_1_170' title='bbox 337 3579 483 3730; x_wconf 58' lang='lat' dir='ltr'>Ecplesia</span> <span class='ocrx_word' id='word_1_171' title='bbox 496 3576 537 3640; x_wconf 84' lang='lat' dir='ltr'>de</span> <span class='ocrx_word' id='word_1_172' title='bbox 553 3574 647 3641; x_wconf 73' lang='lat' dir='ltr'>Issus</span> <span class='ocrx_word' id='word_1_173' title='bbox 661 3574 814 3640; x_wconf 83' lang='lat' dir='ltr'>Bonvmrs</span> <span class='ocrx_word' id='word_1_174' title='bbox 828 3574 960 3634; x_wconf 81' lang='lat' dir='ltr'>taxatur</span> <span class='ocrx_word' id='word_1_175' title='bbox 974 3570 1014 3634; x_wconf 86' lang='lat' dir='ltr'>ab</span> <span class='ocrx_word' id='word_1_176' title='bbox 1028 3571 1165 3654; x_wconf 88' lang='lat' dir='ltr'>antiquo</span> <span class='ocrx_word' id='word_1_177' title='bbox 1180 3593 1229 3638; x_wconf 81' lang='lat' dir='ltr'>xx.</span> <span class='ocrx_word' id='word_1_178' title='bbox 1246 3591 1379 3636; x_wconf 85' lang='lat' dir='ltr'>marcas.</span> <span class='ocrx_word' id='word_1_179' title='bbox 1442 3571 1643 3653; x_wconf 90' lang='lat' dir='ltr'>Subsidium,</span> <span class='ocrx_word' id='word_1_180' title='bbox 1666 3571 1751 3656; x_wconf 79' lang='lat' dir='ltr'><strong>xxvj.</strong></span> <span class='ocrx_word' id='word_1_181' title='bbox 1761 3591 1788 3637; x_wconf 84' lang='lat' dir='ltr'>s.</span> 
     </span>
     <span class='ocr_line' id='line_1_24' title="bbox 298 3691 410 3754; baseline -0.018 -20"><span class='ocrx_word' id='word_1_182' title='bbox 298 3691 368 3754; x_wconf 74' lang='lat' dir='ltr'>vnj.</span> <span class='ocrx_word' id='word_1_183' title='bbox 402 3716 410 3732; x_wconf 93' lang='lat'><strong>.</strong></span> 
     </span>
    </p>

    <p class='ocr_par' dir='ltr' id='par_1_15' title="bbox 337 3795 1790 3883">
     <span class='ocr_line' id='line_1_25' title="bbox 337 3795 1790 3883; baseline -0.006 -13"><span class='ocrx_word' id='word_1_184' title='bbox 337 3804 483 3870; x_wconf 82' lang='lat' dir='ltr'>Ecclesia</span> <span class='ocrx_word' id='word_1_185' title='bbox 511 3801 552 3864; x_wconf 87' lang='lat' dir='ltr'>de</span> <span class='ocrx_word' id='word_1_186' title='bbox 582 3800 691 3867; x_wconf 74' lang='lat' dir='ltr'>vas</span> <span class='ocrx_word' id='word_1_187' title='bbox 719 3796 892 3868; x_wconf 77' lang='lat' dir='ltr'>Wsnrurn</span> <span class='ocrx_word' id='word_1_188' title='bbox 921 3799 1051 3860; x_wconf 79' lang='lat' dir='ltr'>taxatur</span> <span class='ocrx_word' id='word_1_189' title='bbox 1080 3795 1122 3860; x_wconf 87' lang='lat' dir='ltr'>ab</span> <span class='ocrx_word' id='word_1_190' title='bbox 1151 3797 1285 3881; x_wconf 77' lang='lat' dir='ltr'>antiquo</span> <span class='ocrx_word' id='word_1_191' title='bbox 1314 3799 1379 3883; x_wconf 86' lang='lat' dir='ltr'>xvj.</span> <span class='ocrx_word' id='word_1_192' title='bbox 1408 3817 1541 3864; x_wconf 89' lang='lat' dir='ltr'>marcas.</span> <span class='ocrx_word' id='word_1_193' title='bbox 1591 3797 1790 3876; x_wconf 85' lang='lat' dir='ltr'>Subsidium,</span> 
     </span>
    </p>
   </div>
   <div class='ocr_carea' id='block_1_13' title="bbox 291 3991 1786 4279">
    <p class='ocr_par' dir='ltr' id='par_1_16' title="bbox 291 3991 1786 4279">
     <span class='ocr_line' id='line_1_26' title="bbox 334 3991 1786 4108; baseline -0.006 -10"><span class='ocrx_word' id='word_1_194' title='bbox 334 4034 381 4098; x_wconf 86' lang='lat' dir='ltr'>Et</span> <span class='ocrx_word' id='word_1_195' title='bbox 404 4033 580 4096; x_wconf 89' lang='lat' dir='ltr'>onerantur</span> <span class='ocrx_word' id='word_1_196' title='bbox 605 4045 700 4108; x_wconf 86' lang='lat' dir='ltr'>super</span> <span class='ocrx_word' id='word_1_197' title='bbox 723 4026 910 4107; x_wconf 87' lang='lat' dir='ltr'>compotum</span> <span class='ocrx_word' id='word_1_198' title='bbox 933 4022 974 4086; x_wconf 90' lang='lat' dir='ltr'>de</span> <span class='ocrx_word' id='word_1_199' title='bbox 997 4019 1097 4105; x_wconf 87' lang='lat' dir='ltr'>iiij.s.</span> <span class='ocrx_word' id='word_1_200' title='bbox 1113 4022 1153 4085; x_wconf 87' lang='lat' dir='ltr'>de</span> <span class='ocrx_word' id='word_1_201' title='bbox 1168 4021 1310 4086; x_wconf 89' lang='lat' dir='ltr'>subsidio</span> <span class='ocrx_word' id='word_1_202' title='bbox 1325 4022 1493 4108; x_wconf 89' lang='lat' dir='ltr'>cujusdam</span> <span class='ocrx_word' id='word_1_203' title='bbox 1517 3991 1683 4106; x_wconf 66' lang='lat' dir='ltr'>pensionis</span> <span class='ocrx_word' id='word_1_204' title='bbox 1707 4023 1786 4089; x_wconf 83' lang='lat' dir='ltr'>xl.s.</span> 
     </span>
     <span class='ocr_line' id='line_1_27' title="bbox 291 4108 1783 4208; baseline -0.009 -21"><span class='ocrx_word' id='word_1_205' title='bbox 291 4143 390 4208; x_wconf 82' lang='lat' dir='ltr'>quum</span> <span class='ocrx_word' id='word_1_206' title='bbox 415 4119 501 4204; x_wconf 90' lang='lat' dir='ltr'>prior</span> <span class='ocrx_word' id='word_1_207' title='bbox 527 4115 567 4178; x_wconf 87' lang='lat' dir='ltr'>de</span> <span class='ocrx_word' id='word_1_208' title='bbox 595 4110 767 4177; x_wconf 80' lang='lat' dir='ltr'>Hettet&#39;eld</span> <span class='ocrx_word' id='word_1_209' title='bbox 798 4110 942 4175; x_wconf 87' lang='lat' dir='ltr'>Peverell</span> <span class='ocrx_word' id='word_1_210' title='bbox 967 4111 1105 4194; x_wconf 88' lang='lat' dir='ltr'>percipit</span> <span class='ocrx_word' id='word_1_211' title='bbox 1136 4110 1170 4173; x_wconf 92' lang='lat' dir='ltr'>in</span> <span class='ocrx_word' id='word_1_212' title='bbox 1194 4108 1308 4174; x_wconf 85' lang='lat' dir='ltr'>eadem</span> <span class='ocrx_word' id='word_1_213' title='bbox 1337 4111 1481 4191; x_wconf 84' lang='lat' dir='ltr'>ecclesia,</span> <span class='ocrx_word' id='word_1_214' title='bbox 1509 4111 1662 4176; x_wconf 87' lang='lat' dir='ltr'>videlicet</span> <span class='ocrx_word' id='word_1_215' title='bbox 1686 4109 1783 4195; x_wconf 84' lang='lat' dir='ltr'>juxta</span> 
     </span>
     <span class='ocr_line' id='line_1_28' title="bbox 293 4198 746 4279; baseline -0.024 -3"><span class='ocrx_word' id='word_1_216' title='bbox 293 4217 430 4276; x_wconf 84' lang='lat' dir='ltr'>formam</span> <span class='ocrx_word' id='word_1_217' title='bbox 445 4202 669 4279; x_wconf 85' lang='lat' dir='ltr'>concessionis,</span> <span class='ocrx_word' id='word_1_218' title='bbox 686 4198 746 4265; x_wconf 82' lang='lat' dir='ltr'>dcc.</span> 
     </span>
    </p>
   </div>
   <div class='ocr_carea' id='block_1_14' title="bbox 333 4334 1705 4420">
    <p class='ocr_par' dir='ltr' id='par_1_17' title="bbox 333 4334 1705 4420">
     <span class='ocr_line' id='line_1_29' title="bbox 333 4334 1705 4420; baseline -0.009 -6"><span class='ocrx_word' id='word_1_219' title='bbox 333 4345 482 4414; x_wconf 80' lang='lat' dir='ltr'>Ecclesia</span> <span class='ocrx_word' id='word_1_220' title='bbox 494 4343 536 4407; x_wconf 89' lang='lat' dir='ltr'>de</span> <span class='ocrx_word' id='word_1_221' title='bbox 554 4340 765 4408; x_wconf 76' lang='lat' dir='ltr'>Sramcsnnn</span> <span class='ocrx_word' id='word_1_222' title='bbox 781 4341 913 4402; x_wconf 84' lang='lat' dir='ltr'>taxatur</span> <span class='ocrx_word' id='word_1_223' title='bbox 926 4336 1117 4418; x_wconf 77' lang='lat' dir='ltr'>abantiquo</span> <span class='ocrx_word' id='word_1_224' title='bbox 1132 4334 1189 4420; x_wconf 88' lang='lat' dir='ltr'>xij.</span> <span class='ocrx_word' id='word_1_225' title='bbox 1207 4355 1339 4400; x_wconf 84' lang='lat' dir='ltr'>marcus.</span> <span class='ocrx_word' id='word_1_226' title='bbox 1388 4335 1590 4414; x_wconf 88' lang='lat' dir='ltr'>Subsidium,</span> <span class='ocrx_word' id='word_1_227' title='bbox 1606 4334 1705 4419; x_wconf 83' lang='lat' dir='ltr'>xvj.s.</span> 
     </span>
    </p>
   </div>
   <div class='ocr_carea' id='block_1_15' title="bbox 289 4469 1784 5599">
    <p class='ocr_par' dir='ltr' id='par_1_18' title="bbox 292 4469 1784 4639">
     <span class='ocr_line' id='line_1_30' title="bbox 331 4469 1784 4554; baseline -0.007 -8"><span class='ocrx_word' id='word_1_228' title='bbox 331 4480 472 4546; x_wconf 85' lang='lat' dir='ltr'>Ecclesia</span> <span class='ocrx_word' id='word_1_229' title='bbox 494 4477 534 4543; x_wconf 87' lang='lat' dir='ltr'>de</span> <span class='ocrx_word' id='word_1_230' title='bbox 559 4475 771 4544; x_wconf 66' lang='lat' dir='ltr'>spencerus</span> <span class='ocrx_word' id='word_1_231' title='bbox 797 4475 964 4540; x_wconf 76' lang='lat' dir='ltr'>annunu</span> <span class='ocrx_word' id='word_1_232' title='bbox 986 4469 1117 4536; x_wconf 81' lang='lat' dir='ltr'>taxatur</span> <span class='ocrx_word' id='word_1_233' title='bbox 1131 4472 1171 4536; x_wconf 92' lang='lat' dir='ltr'>ab</span> <span class='ocrx_word' id='word_1_234' title='bbox 1185 4473 1320 4554; x_wconf 82' lang='lat' dir='ltr'>antiquo</span> <span class='ocrx_word' id='word_1_235' title='bbox 1335 4493 1385 4538; x_wconf 83' lang='lat' dir='ltr'>xv.</span> <span class='ocrx_word' id='word_1_236' title='bbox 1403 4493 1535 4538; x_wconf 85' lang='lat' dir='ltr'>merces.</span> <span class='ocrx_word' id='word_1_237' title='bbox 1583 4473 1784 4553; x_wconf 88' lang='lat' dir='ltr'>Subsidium,</span> 
     </span>
     <span class='ocr_line' id='line_1_31' title="bbox 292 4592 380 4639; baseline -0.034 0"><span class='ocrx_word' id='word_1_238' title='bbox 292 4592 380 4639; x_wconf 70' lang='lat' dir='ltr'>uns.</span> 
     </span>
    </p>

    <p class='ocr_par' dir='ltr' id='par_1_19' title="bbox 290 4695 1780 4862">
     <span class='ocr_line' id='line_1_32' title="bbox 331 4695 1780 4779; baseline -0.007 -8"><span class='ocrx_word' id='word_1_239' title='bbox 331 4706 472 4771; x_wconf 88' lang='lat' dir='ltr'>Ecclesis</span> <span class='ocrx_word' id='word_1_240' title='bbox 495 4704 534 4767; x_wconf 86' lang='lat' dir='ltr'>de</span> <span class='ocrx_word' id='word_1_241' title='bbox 557 4702 699 4767; x_wconf 81' lang='lat' dir='ltr'>Boansn</span> <span class='ocrx_word' id='word_1_242' title='bbox 725 4703 855 4762; x_wconf 82' lang='lat' dir='ltr'>taxatur</span> <span class='ocrx_word' id='word_1_243' title='bbox 881 4698 922 4762; x_wconf 84' lang='lat' dir='ltr'>ab</span> <span class='ocrx_word' id='word_1_244' title='bbox 946 4697 1083 4779; x_wconf 88' lang='lat' dir='ltr'>antiquo</span> <span class='ocrx_word' id='word_1_245' title='bbox 1098 4695 1160 4779; x_wconf 83' lang='lat' dir='ltr'><strong>xxj.</strong></span> <span class='ocrx_word' id='word_1_246' title='bbox 1179 4716 1301 4759; x_wconf 87' lang='lat' dir='ltr'>marcas</span> <span class='ocrx_word' id='word_1_247' title='bbox 1317 4695 1362 4762; x_wconf 89' lang='lat' dir='ltr'>di.</span> <span class='ocrx_word' id='word_1_248' title='bbox 1420 4696 1620 4774; x_wconf 81' lang='lat' dir='ltr'>Subsidium,</span> <span class='ocrx_word' id='word_1_249' title='bbox 1636 4697 1780 4773; x_wconf 68' lang='lat' dir='ltr'>xxviiio.</span> 
     </span>
     <span class='ocr_line' id='line_1_33' title="bbox 290 4792 400 4862; baseline -0.045 0"><span class='ocrx_word' id='word_1_250' title='bbox 290 4792 400 4862; x_wconf 68' lang='lat' dir='ltr'>visst.</span> 
     </span>
    </p>

    <p class='ocr_par' dir='ltr' id='par_1_20' title="bbox 290 4818 1780 5083">
     <span class='ocr_line' id='line_1_34' title="bbox 329 4818 1780 5004; baseline -0.006 -11"><span class='ocrx_word' id='word_1_251' title='bbox 329 4818 473 4993; x_wconf 66' lang='lat' dir='ltr'>Sceleris</span> <span class='ocrx_word' id='word_1_252' title='bbox 497 4925 538 4988; x_wconf 89' lang='lat' dir='ltr'>de</span> <span class='ocrx_word' id='word_1_253' title='bbox 565 4923 673 4988; x_wconf 77' lang='lat' dir='ltr'>Pauus</span> <span class='ocrx_word' id='word_1_254' title='bbox 698 4923 842 4988; x_wconf 83' lang='lat' dir='ltr'>Bsnnws</span> <span class='ocrx_word' id='word_1_255' title='bbox 869 4923 1000 4984; x_wconf 81' lang='lat' dir='ltr'>taxatur</span> <span class='ocrx_word' id='word_1_256' title='bbox 1017 4920 1058 4983; x_wconf 93' lang='lat' dir='ltr'>ab</span> <span class='ocrx_word' id='word_1_257' title='bbox 1074 4919 1209 5002; x_wconf 87' lang='lat' dir='ltr'>antiqno</span> <span class='ocrx_word' id='word_1_258' title='bbox 1224 4941 1253 4983; x_wconf 85' lang='lat' dir='ltr'>x.</span> <span class='ocrx_word' id='word_1_259' title='bbox 1271 4938 1403 4984; x_wconf 87' lang='lat' dir='ltr'>marcas.</span> <span class='ocrx_word' id='word_1_260' title='bbox 1462 4918 1663 4997; x_wconf 86' lang='lat' dir='ltr'>Subsidium,</span> <span class='ocrx_word' id='word_1_261' title='bbox 1677 4919 1780 5004; x_wconf 69' lang='lat' dir='ltr'>xiijs.</span> 
     </span>
     <span class='ocr_line' id='line_1_35' title="bbox 290 5015 393 5083; baseline -0.019 0"><span class='ocrx_word' id='word_1_262' title='bbox 290 5015 393 5083; x_wconf 80' lang='lat' dir='ltr'>iii&#39;.cl.</span> 
     </span>
    </p>

    <p class='ocr_par' dir='ltr' id='par_1_21' title="bbox 324 5041 1587 5228">
     <span class='ocr_line' id='line_1_36' title="bbox 324 5041 1587 5228; baseline -0.008 -9"><span class='ocrx_word' id='word_1_263' title='bbox 324 5041 472 5219; x_wconf 79' lang='lat' dir='ltr'>JEcclesia</span> <span class='ocrx_word' id='word_1_264' title='bbox 486 5151 527 5214; x_wconf 88' lang='lat' dir='ltr'>de</span> <span class='ocrx_word' id='word_1_265' title='bbox 544 5150 676 5218; x_wconf 73' lang='lat' dir='ltr'>Sannorr</span> <span class='ocrx_word' id='word_1_266' title='bbox 692 5149 821 5211; x_wconf 83' lang='lat' dir='ltr'>texetur</span> <span class='ocrx_word' id='word_1_267' title='bbox 835 5145 1024 5228; x_wconf 77' lang='lat' dir='ltr'>abantiquo</span> <span class='ocrx_word' id='word_1_268' title='bbox 1039 5163 1089 5210; x_wconf 82' lang='lat' dir='ltr'>xv.</span> <span class='ocrx_word' id='word_1_269' title='bbox 1105 5163 1239 5208; x_wconf 86' lang='lat' dir='ltr'>marcus.</span> <span class='ocrx_word' id='word_1_270' title='bbox 1288 5145 1487 5222; x_wconf 84' lang='lat' dir='ltr'>Subsidium,</span> <span class='ocrx_word' id='word_1_271' title='bbox 1503 5163 1587 5209; x_wconf 72' lang='lat' dir='ltr'>nnc.</span> 
     </span>
    </p>

    <p class='ocr_par' dir='ltr' id='par_1_22' title="bbox 289 5280 1777 5468">
     <span class='ocr_line' id='line_1_37' title="bbox 329 5280 1777 5365; baseline -0.008 -7"><span class='ocrx_word' id='word_1_272' title='bbox 329 5290 476 5358; x_wconf 82' lang='lat' dir='ltr'>Ecclesia</span> <span class='ocrx_word' id='word_1_273' title='bbox 505 5288 547 5352; x_wconf 89' lang='lat' dir='ltr'>de</span> <span class='ocrx_word' id='word_1_274' title='bbox 576 5286 699 5353; x_wconf 78' lang='lat' dir='ltr'>Mronr</span> <span class='ocrx_word' id='word_1_275' title='bbox 727 5285 873 5350; x_wconf 78' lang='lat' dir='ltr'>Banuwn</span> <span class='ocrx_word' id='word_1_276' title='bbox 902 5286 1034 5348; x_wconf 84' lang='lat' dir='ltr'>taxatur</span> <span class='ocrx_word' id='word_1_277' title='bbox 1056 5281 1096 5344; x_wconf 89' lang='lat' dir='ltr'>ab</span> <span class='ocrx_word' id='word_1_278' title='bbox 1125 5282 1261 5365; x_wconf 86' lang='lat' dir='ltr'>antiquo</span> <span class='ocrx_word' id='word_1_279' title='bbox 1291 5303 1362 5347; x_wconf 83' lang='lat' dir='ltr'>xxv.</span> <span class='ocrx_word' id='word_1_280' title='bbox 1391 5301 1529 5347; x_wconf 83' lang='lat' dir='ltr'>marces.</span> <span class='ocrx_word' id='word_1_281' title='bbox 1577 5280 1777 5361; x_wconf 89' lang='lat' dir='ltr'>Subsidium,</span> 
     </span>
     <span class='ocr_line' id='line_1_38' title="bbox 289 5374 530 5468; baseline -0.037 -17"><span class='ocrx_word' id='word_1_282' title='bbox 289 5381 407 5468; x_wconf 70' lang='lat' dir='ltr'>xliijs.</span> <span class='ocrx_word' id='word_1_283' title='bbox 422 5374 530 5462; x_wconf 82' lang='lat' dir='ltr'>iiij.d.</span> 
     </span>
    </p>

    <p class='ocr_par' dir='ltr' id='par_1_23' title="bbox 328 5503 1562 5599">
     <span class='ocr_line' id='line_1_39' title="bbox 328 5503 1562 5599; baseline -0.009 -17"><span class='ocrx_word' id='word_1_284' title='bbox 328 5517 457 5581; x_wconf 76' lang='lat' dir='ltr'>vicarie</span> <span class='ocrx_word' id='word_1_285' title='bbox 472 5513 620 5599; x_wconf 86' lang='lat' dir='ltr'>ejusdem</span> <span class='ocrx_word' id='word_1_286' title='bbox 635 5513 766 5575; x_wconf 83' lang='lat' dir='ltr'>taxatur</span> <span class='ocrx_word' id='word_1_287' title='bbox 781 5507 973 5590; x_wconf 74' lang='lat' dir='ltr'>abantiquo</span> <span class='ocrx_word' id='word_1_288' title='bbox 988 5526 1016 5570; x_wconf 87' lang='lat' dir='ltr'>e.</span> <span class='ocrx_word' id='word_1_289' title='bbox 1033 5526 1060 5570; x_wconf 86' lang='lat' dir='ltr'>e.</span> <span class='ocrx_word' id='word_1_290' title='bbox 1109 5504 1310 5586; x_wconf 88' lang='lat' dir='ltr'>Subsidium,</span> <span class='ocrx_word' id='word_1_291' title='bbox 1326 5505 1443 5590; x_wconf 69' lang='lat' dir='ltr'>sliijs.</span> <span class='ocrx_word' id='word_1_292' title='bbox 1460 5503 1562 5590; x_wconf 70' lang='lat' dir='ltr'>iiijsl.</span> 
     </span>
    </p>
   </div>
   <div class='ocr_carea' id='block_1_16' title="bbox 0 0 2064 6200">
    <p class='ocr_par' dir='ltr' id='par_1_24' title="bbox 0 0 2064 6200">
     <span class='ocr_line' id='line_1_40' title="bbox 0 0 2064 6200; baseline 0 4"><span class='ocrx_word' id='word_1_293' title='bbox 0 0 2064 6200; x_wconf 95' lang='lat' dir='ltr'> </span> 
     </span>
    </p>
   </div>
  </div>
 </body>
</html>
