4117 6200
933 655 1014 718 nl).
1040 658 1135 720 1346.

639 943 858 1010 Hunnssoou
882 965 924 1008 ue
949 943 1311 1014 GRIMESWROSEN
1338 942 1425 1024 (eie).

327 1179 421 1242 Idem
436 1179 578 1244 reddunt
592 1185 778 1266 compotum
793 1183 834 1246 de
851 1183 893 1248 xl.
905 1203 932 1248 s.
950 1184 1089 1266 receptis
1104 1183 1144 1246 de
1158 1184 1310 1266 episcopo
1331 1182 1523 1246 Herefordie
1545 1203 1603 1266 pro
1628 1202 1685 1247 un.
1701 1181 1725 1247 f.
1741 1185 1776 1245 in

283 1268 422 1333 Breucos
452 1267 588 1346 Sciens,
613 1270 696 1332 sicut
721 1271 907 1333 continetur
933 1272 966 1332 in
993 1271 1133 1354 quadam
1159 1271 1374 1354 inquisicione
1401 1290 1457 1354 per
1476 1270 1580 1333 dictos
1594 1270 1777 1334 collectores

281 1359 377 1437 capte
391 1354 431 1418 de
446 1357 594 1419 omnibus
609 1355 712 1420 leodis
728 1358 831 1421 tocius
846 1359 1037 1434 comitatus,
1062 1365 1097 1422 et
1123 1360 1156 1421 in
1185 1358 1362 1421 evidenciis
1388 1363 1482 1421 extra
1508 1359 1630 1420 curiam
1654 1357 1778 1421 eisdem

282 1441 504 1506 collectoribus
531 1443 676 1507 liberatis
702 1445 760 1508 sub
791 1446 871 1528 pede
901 1447 1011 1529 magni
1042 1445 1154 1528 sigilli,
1182 1466 1245 1528 que
1275 1446 1407 1529 quidem
1439 1445 1605 1510 evidencie
1634 1450 1777 1509 extracte

283 1528 418 1591 luerunt
443 1529 482 1594 de
508 1531 622 1594 rotulis
648 1532 687 1594 de
704 1531 870 1616 particulis
885 1533 1094 1596 collectorum
1110 1533 1225 1596 auxilii
1240 1535 1307 1614 regi
1323 1533 1491 1606 Eduardo,
1507 1553 1566 1596 avo
1580 1533 1666 1616 regis
1680 1552 1779 1609 nunc,

283 1617 435 1694 concessi,
450 1638 534 1682 anno
549 1617 641 1702 xviij⁰
657 1619 698 1682 ed
714 1621 966 1704 primogenitam
990 1620 1092 1682 filiam
1113 1622 1198 1704 regis
1223 1620 1452 1701 maritandam,
1479 1618 1719 1684 remanentibus
1744 1620 1779 1682 in

282 1703 428 1767 custodia
443 1707 699 1770 rememeratoris
713 1707 813 1791 regis.

326 1840 368 1903 Et
391 1840 431 1905 de
455 1841 537 1908 xlc.
564 1843 703 1926 receptis
730 1843 770 1906 de
794 1843 907 1906 eodem
934 1845 1085 1928 episcopo
1111 1865 1169 1929 pro
1194 1865 1251 1909 un.
1279 1845 1302 1909 f.
1330 1845 1364 1907 iu
1392 1844 1672 1922 Breeaorrssrou,
1695 1844 1780 1908 sicut

283 1929 473 1992 continetur
486 1931 521 1994 iu
537 1928 658 1994 eisdem
674 1931 850 1994 evidenciis
865 1939 900 1994 et
915 1933 1142 2015 inquisicione,

327 2072 371 2135 Et
394 2075 435 2137 de
461 2075 496 2159 ij.
521 2079 637 2141 marcis
661 2079 799 2162 receptis
824 2079 863 2140 de
890 2077 1012 2163 Rogero
1039 2078 1079 2140 de
1107 2075 1278 2142 Ohauudos
1302 2098 1358 2161 pro
1389 2077 1489 2142 tercia
1519 2081 1612 2161 parte
1642 2076 1781 2141 duorum

282 2159 447 2225 feodorum
462 2165 498 2226 in
515 2163 717 2232 Wscrurou.

327 2297 368 2361 Et
397 2301 436 2363 de
461 2300 568 2386 viij.s.
593 2303 731 2386 receptis
761 2303 800 2366 dc
826 2303 958 2366 Simone
989 2303 1029 2365 de
1060 2301 1231 2387 Brokbury
1256 2323 1314 2386 pro
1343 2303 1460 2387 quinta
1489 2308 1581 2386 perte
1610 2323 1668 2368 un.
1695 2303 1718 2368 f.
1745 2304 1782 2367 in

284 2384 475 2468 Bnouauer,
490 2410 587 2473 quam
605 2390 787 2453 Willelmus
802 2390 843 2453 de
859 2389 1027 2472 Brolrbury
1044 2410 1148 2473 nuper
1161 2392 1282 2455 tenuit.

326 2524 369 2588 Et
384 2525 425 2588 de
441 2526 485 2590 xl.
497 2547 524 2592 s.
540 2530 680 2613 receptis
694 2528 735 2591 de
750 2526 875 2592 Thomu
891 2525 1042 2612 Pychard
1056 2549 1114 2612 pro
1129 2548 1185 2592 un.
1202 2527 1225 2593 f.
1242 2528 1277 2590 in
1295 2527 1470 2596 Srrunnon
1485 2530 1520 2591 et
1534 2527 1679 2606 Lurrou,
1694 2527 1782 2611 quod

283 2609 365 2675 Milo
380 2611 528 2698 Pychard
543 2635 645 2698 nuper
662 2617 779 2680 tenuit.

287 2749 371 2904 GEt
395 2750 436 2815 de
460 2753 541 2818 xl.e.
569 2755 706 2837 receptis
733 2755 773 2818 de
800 2753 966 2818 Willelmo
992 2753 1033 2818 de
1058 2752 1251 2838 Penebrugg
1277 2773 1335 2837 pro
1361 2772 1418 2818 un.
1446 2751 1470 2817 f.
1486 2753 1522 2815 in
1549 2752 1783 2820 Mumsenonu

318 2857 437 2906 auson

328 2974 373 3037 Et
388 2974 427 3037 de
442 2996 494 3041 xx.
504 2997 531 3042 o.
558 2979 697 3061 receptis
722 2979 762 3042 de
789 2977 962 3062 ltadulpbo
989 2978 1029 3041 de
1055 2978 1171 3059 Kuull,
1198 2984 1233 3042 et
1248 2975 1462 3062 participibus
1478 2978 1555 3057 suis,
1571 2975 1689 3060 prodi.
1705 2976 1729 3040 i.
1746 2975 1780 3038 in

285 3060 363 3126 ville
377 3063 417 3127 de
433 3063 580 3144 Beroen,
595 3065 681 3149 quod
696 3066 822 3131 domini
838 3066 879 3130 de
895 3065 1014 3151 Byloul
1031 3065 1206 3149 aliquando
1222 3070 1412 3131 tenuerunt.

222 3227 225 3238 ¹
329 3200 374 3265 Et
389 3202 429 3266 de
444 3202 526 3269 xlc.
543 3206 682 3288 receptis
697 3205 736 3269 de
752 3204 901 3272 Johanna
915 3206 955 3268 de
970 3204 1102 3268 Mortuo
1117 3204 1204 3267 Mari
1214 3224 1272 3287 pro
1283 3222 1340 3268 un.
1353 3201 1378 3268 f.
1390 3203 1427 3266 in
1438 3202 1673 3271 Mentissam
1683 3201 1783 3279 Lacr,

286 3290 371 3371 quod
387 3289 408 3352 J
411 3290 536 3353 ohanna
553 3291 706 3357 Genevill
721 3312 825 3375 nuper
841 3294 958 3356 tenuit.

329 3436 372 3499 Et
399 3436 437 3500 de
461 3438 505 3502 xl.
516 3458 544 3504 e.
572 3439 712 3522 receptis
743 3438 784 3501 de
815 3437 953 3501 Ricardo
982 3437 1109 3515 Talbot,
1132 3441 1169 3501 et
1197 3434 1413 3520 participibus
1436 3436 1512 3513 suis,
1534 3456 1591 3519 pro
1616 3456 1673 3499 nn.
1697 3433 1721 3501 f.
1748 3434 1783 3498 in

287 3523 501 3603 Buousrrorm
515 3526 602 3608 quod
618 3525 782 3591 Johanues
797 3526 891 3589 'lorel
907 3525 1082 3611 aliquando
1098 3524 1218 3589 tenuit.

330 3662 373 3725 Et
396 3663 436 3726 de
461 3684 513 3729 xx.
525 3684 550 3729 e.
568 3666 706 3749 receptis
730 3665 771 3727 de
798 3663 938 3727 Ricardo
962 3664 1090 3727 Talbolt
1121 3662 1191 3741 (etc)
1218 3681 1276 3745 pro
1291 3661 1336 3726 di.
1353 3661 1376 3727 f.
1393 3661 1428 3724 in
1445 3660 1686 3738 Crumerum,
1699 3658 1784 3743 quod

287 3746 453 3815 (tilbertus
468 3750 586 3817 Talbot
600 3772 702 3835 nuper
718 3754 838 3817 tenuit.

330 3884 372 3949 Et
388 3885 429 3949 de
446 3908 497 3952 xx.
508 3908 535 3952 e.
552 3888 689 3971 receptis
704 3888 743 3951 de
758 3889 898 3953 dominis
913 3888 954 3952 de
972 3887 1184 3972 Wormesleye
1211 3906 1269 3971 pro
1285 3885 1330 3950 di.
1347 3885 1371 3951 l.
1387 3884 1421 3947 iu
1437 3884 1684 3965 Wouuusnnrn,
1699 3884 1785 3967 quod

287 3976 418 4037 tenetur
434 3973 474 4037 de
490 3973 632 4039 Roberto
647 3976 688 4038 de
704 3976 879 4041 Steuntou.

331 4110 376 4173 Et
402 4110 442 4174 dc
469 4133 559 4177 rme.
584 4115 724 4197 receptis
750 4114 790 4179 de
817 4114 942 4197 Rogero
965 4113 1006 4176 de
1033 4112 1182 4196 Burghill
1206 4131 1264 4196 pro
1288 4110 1334 4174 di.
1353 4109 1375 4175 l.
1391 4110 1425 4172 in
1451 4110 1686 4187 Turumoron,
1699 4108 1785 4192 quod

287 4201 419 4262 tenetur
433 4198 472 4263 de
488 4200 633 4264 manerio
648 4202 687 4264 de
703 4200 932 4285 Bleynleveny.

331 4332 376 4396 Et
390 4335 431 4397 de
447 4334 526 4401 xl.e.
542 4335 682 4419 receptis
696 4334 736 4398 de
753 4335 876 4419 Rogero
892 4336 933 4398 de
949 4333 1109 4417 Burghcll
1123 4338 1158 4395 et
1173 4294 1321 4395 Jolranne
1337 4332 1377 4395 de
1391 4324 1586 4413 Penebrugg
1609 4350 1668 4414 pro
1689 4349 1746 4393 un.
1762 4331 1786 4395 f.

288 4420 328 4571 ἒξ
339 4421 840 4575 ῗὲἒῧιέυὲῐῶἓέῗὲἰξίἰωδθῖὴα
855 4423 1002 4507 Gamage
1017 4428 1051 4485 et
1066 4421 1210 4505 Rogerus
1229 4419 1269 4484 de
1294 4416 1455 4504 Burghull
1482 4437 1585 4500 nuper
1611 4423 1788 4481 tenuerunt

332 4646 377 4710 Et
400 4646 441 4710 de
466 4647 547 4713 xla.
575 4650 714 4732 receptis
738 4648 778 4713 de
805 4646 941 4711 Ricardo
968 4647 1007 4710 de
1032 4645 1064 4709 la
1090 4645 1169 4709 Bere
1198 4663 1256 4729 pro
1285 4662 1342 4711 un.
1367 4642 1392 4707 f.
1418 4642 1453 4705 in
1481 4642 1676 4722 Bermion,
1701 4641 1788 4725 quod

290 4733 451 4798 Robertus
466 4735 507 4799 de
522 4735 554 4798 la
568 4735 651 4801 Bere
666 4755 771 4820 nuper
787 4736 906 4801 tenuit.

332 4880 377 4945 Et
391 4881 431 4945 de
447 4904 478 4949 x.
489 4903 515 4950 e.
531 4884 667 4968 receptis
682 4884 721 4947 <le
736 4882 874 4948 Ricardo
889 4882 929 4947 de
945 4880 1146 4966 Raggynden
1162 4898 1221 4963 pro
1234 4881 1349 4961 quarta
1363 4881 1456 4960 parte
1471 4894 1528 4940 uu.
1540 4873 1565 4940 f.
1577 4876 1613 4939 in
1628 4874 1785 4944 Worron.

332 5027 376 5090 Et
391 5028 534 5095 derne.
551 5032 691 5114 receptis
717 5030 758 5093 de
783 5030 937 5114 Philippo
962 5030 1001 5093 de
1026 5026 1194 5092 Clanvowe
1220 5044 1278 5109 pro
1305 5022 1350 5088 di.
1378 5022 1403 5089 l.
1429 5021 1464 5085 in
1492 5021 1678 5100 Yavneosrr‚
1702 5021 1788 5104 quod

290 5112 454 5181 Johaunes
468 5117 509 5180 de
524 5117 628 5181 Acton
644 5123 678 5181 et
694 5117 818 5197 sibilla,
834 5138 914 5180 uror
929 5114 1009 5201 ejus,
1022 5135 1127 5201 nuper
1142 5116 1333 5177 tenuerunt.

334 5260 380 5326 Et
394 5262 433 5327 de
448 5284 499 5328 xx.
511 5282 537 5329 e.
561 5261 728 5351 [receptis]
749 5265 790 5328 de
805 5263 942 5328 Ricardo
957 5263 997 5325 de
1015 5258 1194 5326 Baskervill
1209 5278 1267 5343 pro
1282 5256 1327 5321 di.
1344 5255 1368 5321 f.
1385 5255 1420 5318 in
1439 5254 1623 5321 Srnrsrrou

334 5412 377 5475 Et
393 5412 433 5476 de
442 5412 471 5497 j.
489 5434 595 5478 marca
611 5418 740 5497 recepta
755 5415 794 5477 de
808 5413 948 5477 dominis
964 5412 1003 5475 de
1018 5410 1115 5477 Luce
1131 5407 1352 5480 Mocnsoeos,
1367 5421 1426 5485 pro
1451 5400 1552 5465 tercia
1577 5403 1669 5482 parte
1691 5420 1747 5466 un.
1764 5402 1787 5466 f.

291 5499 378 5583 quod
393 5500 491 5584 Hugo
506 5503 547 5566 de
561 5501 719 5569 Beaumas
734 5502 806 5587 (sic)
822 5522 924 5585 nuper
940 5500 1060 5564 tenuit.
