4117 6200
304 609 368 670 304
956 605 1157 674 BRISTOL.

342 898 517 985 Inquisicio
539 903 634 985 captu
658 900 745 984 spud
772 900 980 977 Bdstollism,
1003 901 1067 965 etc.
1098 904 1148 980 (us
1172 895 1278 978 above)
1302 918 1361 983 per
1386 900 1622 962 sacramentum
1638 891 1795 958 Johsunis

297 987 471 1073 Englyssh,
497 989 654 1052 Jchsnnis
683 988 794 1071 Mcdy,
822 987 913 1051 Petri
942 986 1139 1071 Ohspeleyn,
1168 986 1327 1051 Willelmi
1357 985 1511 1064 Barbour,
1541 981 1664 1046 Thome
1694 980 1797 1058 Balle,

297 1075 432 1140 Roberti
458 1075 573 1153 Benet,
588 1076 745 1139 Willelmi
771 1075 946 1152 Plommer,
970 1075 1074 1138 David
1098 1074 1248 1156 Tsylcur,
1277 1073 1411 1137 Walteri
1438 1071 1630 1149 Foxcombe,
1652 1069 1796 1152 Philippi

294 1161 413 1242 Faunt,
448 1162 605 1227 Iohannis
634 1163 801 1244 Gosselyu,
830 1162 959 1240 brusier,
983 1165 1017 1226 et
1044 1161 1201 1226 Willelmi
1229 1161 1366 1242 Glssier,
1392 1161 1523 1237 brssier,
1530 1159 1723 1244 juratorum,
1738 1157 1796 1240 qui

295 1251 410 1315 dicunt
425 1271 520 1336 super
535 1256 774 1315 sacramentum
790 1269 885 1314 suum
899 1249 984 1334 quod
995 1270 1050 1312 :-

337 1389 481 1454 Ecclesia
494 1387 686 1472 parochialis
704 1387 823 1457 Ssucur
837 1389 1036 1468 Wuuuuscr,
1053 1385 1138 1451 inira
1155 1387 1266 1451 villsm
1283 1388 1472 1470 predictam,
1488 1385 1574 1450 velet
1590 1403 1793 1469 perannum,

292 1497 394 1628 uslpue
407 1477 449 1541 sd
464 1497 672 1561 suppremum
687 1482 722 1542 et
736 1477 916 1542 maximum
931 1477 1072 1541 valorem
1088 1475 1235 1559 ejusdem
1251 1476 1396 1555 ecclesie,
1411 1475 1523 1538 decem
1536 1473 1647 1551 llbrss,
1672 1477 1705 1535 et
1730 1489 1795 1534 nou

297 1586 319 1627 u
348 1585 395 1632 ra.

335 1702 424 1766 Item
460 1703 585 1782 dicunt,
623 1704 708 1787 quod
744 1704 880 1768 ecclesis
918 1700 1111 1787 parochialis
1149 1701 1289 1769 Omeruu
1328 1699 1535 1778 senercunis,
1565 1698 1651 1762 iufra
1682 1696 1793 1760 villum

291 1790 484 1874 predictum,
500 1792 585 1855 vslet
599 1813 658 1875 per
672 1811 807 1870 sunum,
821 1811 923 1875 usque
937 1789 978 1855 sd
993 1809 1201 1874 suppremum
1226 1793 1260 1853 et
1287 1790 1467 1852 maximum
1482 1788 1623 1851 valorem
1647 1784 1793 1870 ejusdem

293 1878 441 1958 ecclesie,
454 1883 527 1943 octo
543 1879 650 1959 libras,
665 1884 700 1944 et
714 1899 777 1942 non
794 1879 891 1945 ultra.

331 2016 416 2081 Item
432 2018 556 2096 dicunt,
567 2019 653 2101 quod
667 2018 800 2082 ecclesis
815 2016 1008 2103 parochialis
1026 2015 1153 2084 Sericus
1167 2015 1367 2094 Tumrrsrrs,
1378 2013 1463 2078 iufrs
1474 2013 1586 2079 villam
1602 2011 1793 2097 predictum,
1810 2029 1816 2042 ·

287 2104 374 2169 velet
398 2126 456 2189 per
478 2126 613 2184 anuum,
627 2126 730 2190 usque
752 2106 794 2170 sd
821 2125 1031 2190 suppremum
1055 2107 1090 2168 et
1119 2104 1299 2168 maximum
1315 2103 1456 2168 valorem
1479 2101 1626 2186 ejusdem
1649 2099 1792 2179 ecclesie,

289 2191 347 2276 xij.
364 2193 473 2272 libres,
490 2198 523 2257 et
538 2214 603 2256 uon
618 2194 716 2260 ultra.

329 2328 415 2394 Item
439 2330 564 2408 dicunt,
580 2331 666 2414 quod
689 2331 824 2395 ecclesis
845 2328 1038 2413 parochialis
1057 2329 1174 2397 Sirium
1190 2329 1355 2407 Ausones,
1371 2327 1455 2392 iulrs
1469 2328 1581 2392 villum
1596 2325 1789 2411 predictum,

285 2417 373 2480 velet
387 2439 445 2502 per
460 2439 596 2497 anuum,
610 2439 714 2503 usque
728 2419 770 2483 ud
797 2438 1008 2502 suppremum
1036 2423 1071 2482 ct
1099 2418 1280 2480 mstmum
1306 2417 1450 2481 valorem
1476 2415 1623 2500 ejusdem
1648 2414 1790 2495 ecclesie,

286 2509 427 2587 quatuor
442 2506 550 2587 libras,
566 2511 602 2570 et
617 2527 681 2570 nou
697 2506 796 2572 ultre.

326 2642 413 2709 Item
428 2645 554 2722 dicunt,
569 2645 655 2729 quod
670 2645 802 2709 ecclesis
817 2640 1009 2727 parochialis
1028 2642 1147 2711 Sursum
1162 2641 1288 2721 Iseum,
1307 2643 1342 2706 in
1365 2641 1518 2706 suburbio
1532 2641 1610 2706 ville
1631 2640 1786 2725 predicte,

285 2732 373 2795 velet
396 2753 453 2816 per
478 2753 600 2796 sunum
625 2752 727 2815 usque
752 2731 794 2796 sd
812 2751 1024 2815 suppremum
1040 2734 1074 2794 et
1090 2731 1270 2795 mexImum
1286 2730 1425 2794 valorem
1441 2728 1587 2814 ejusdem
1604 2729 1742 2793 ecclesie
1756 2750 1787 2792 x.

285 2819 383 2883 libras
398 2819 467 2904 xiij.
478 2841 504 2887 s.
521 2820 584 2904 iiij.
595 2819 629 2885 cl.
646 2827 681 2884 et
695 2839 761 2883 nou
776 2819 874 2884 ultra.

325 2957 413 3022 Item
442 2959 565 3038 dicunt,
595 2959 681 3042 quod
709 2957 843 3022 ecclesis
871 2955 1063 3041 parochialis
1096 2955 1215 3026 Sericus
1254 2958 1418 3037 Pumreer,
1449 2958 1484 3021 iu
1523 2955 1674 3022 suburbio
1711 2956 1787 3020 ville

281 3047 435 3130 predicte,
453 3046 540 3112 vslet
554 3067 612 3131 per
626 3066 759 3126 sunum,
774 3066 876 3129 usque
902 3045 944 3110 sd
972 3065 1183 3130 suppremum
1207 3050 1242 3110 et
1269 3047 1450 3111 mstmum
1476 3045 1617 3111 valorem
1642 3043 1786 3130 ejusdem

282 3137 426 3214 ecclesie,
441 3135 523 3219 xiiij.
540 3136 648 3214 libras,
666 3140 701 3199 et
715 3155 781 3198 nou
798 3135 896 3200 ultra.

323 3273 410 3337 Item
433 3274 557 3353 dicunt,
582 3273 668 3357 quod
695 3272 787 3336 nulls
816 3290 950 3356 persons
979 3275 1076 3336 tenet
1105 3292 1160 3354 per
1190 3270 1321 3337 feodum
1349 3272 1465 3337 militis
1495 3272 1578 3337 infre
1608 3271 1720 3338 villum
1751 3275 1786 3337 et

281 3361 473 3427 suburbium
487 3362 681 3445 predictum,
695 3381 757 3425 nec
770 3381 827 3445 per
841 3361 985 3444 abquem
1000 3359 1175 3445 parcellsm
1190 3359 1326 3445 alicujus
1341 3358 1427 3425 leodi
1442 3360 1571 3427 militis.

321 3500 361 3564 In
376 3501 426 3585 cuj
432 3522 469 3565 us
482 3502 530 3565 rei
546 3502 770 3566 testimouium
785 3500 987 3585 presentibus
997 3500 1163 3585 juratores
1177 3500 1315 3585 predicti
1332 3500 1438 3587 sigilla
1454 3520 1511 3567 sus
1527 3502 1759 3586 apposuerunt.

321 3639 444 3705 Datum
459 3640 546 3724 apud
561 3640 765 3705 Bristollism
779 3639 834 3704 die
848 3643 884 3705 et
898 3658 982 3703 suno
1000 3639 1205 3725 supradictis.

318 4020 495 4106 Inquisicio
517 4024 614 4104 cspts
639 4019 726 4104 apud
750 4020 962 4098 Brisbcllism,
994 4024 1058 4088 etc.
1090 4026 1139 4101 (us
1165 4018 1273 4099 above)
1300 4040 1356 4106 per
1377 4023 1610 4087 sacramentum
1625 4021 1780 4087 Willelmi

275 4108 436 4193 Tempull,
451 4109 583 4173 Rcberti
600 4108 750 4186 Herbart,
772 4108 902 4172 Ricardi
929 4108 1069 4191 Fyncbe,
1095 4107 1221 4173 I'home
1247 4108 1441 4189 CusteIman,
1465 4108 1623 4174 Johsunis
1648 4110 1778 4194 Spycer,

274 4194 397 4260 Thome
423 4196 558 4278 Noryse,
582 4196 739 4260 Jobauuis
762 4196 888 4276 Tulbct,
917 4195 1069 4260 NIcholsi
1094 4196 1329 4280 Cswntelbury,
1352 4196 1474 4261 Thome
1499 4197 1606 4276 Mede,
1622 4195 1780 4261 Joheuuis

275 4283 447 4369 Nsylescy,
473 4284 640 4347 Edmundi·
668 4282 807 4363 Berdou,
838 4290 872 4349 et
903 4281 1062 4349 Johaunis
1093 4284 1209 4363 Forde,
1232 4284 1423 4367 juratorum,
1451 4284 1508 4368 qui
1533 4286 1657 4365 dicunt,
1686 4306 1779 4369 super

274 4376 512 4435 sacramentum
528 4392 635 4450 suum,
649 4371 734 4455 quod
744 4394 798 4435 :—

314 4510 458 4575 Ecclesia
472 4508 663 4595 parochialis
681 4509 798 4577 Ssucrr
815 4512 918 4577 Purur
934 4510 1019 4575 inire
1035 4511 1148 4575 villsm
1163 4511 1345 4593 predictum
1357 4511 1444 4575 valet
1459 4532 1515 4596 per
1529 4530 1662 4591 sunum,
1677 4532 1777 4595 usque

274 4598 315 4661 sd
331 4619 542 4682 suppremum
556 4604 591 4661 ct
606 4599 786 4661 maximum
799 4598 942 4662 valorem
956 4598 1102 4681 ejusdem
1118 4598 1262 4679 ecclesie,
1280 4600 1393 4663 decem
1408 4598 1516 4674 libras,
1530 4604 1564 4663 et
1578 4619 1642 4662 nou
1658 4600 1753 4664 ultra.

312 4738 401 4801 Item
426 4737 551 4815 dicunt,
578 4738 664 4820 quod
691 4736 828 4799 ecclesia
854 4734 1047 4819 parochialis
1070 4738 1181 4803 Busru
1208 4738 1332 4817 Mirm,
1349 4738 1433 4802 infre
1448 4738 1561 4802 villum
1588 4738 1777 4822 predictum,

270 4825 358 4889 valet
372 4846 430 4907 per
452 4844 584 4901 annum,
608 4824 773 4908 usquead
798 4844 1008 4907 suppremum
1034 4830 1068 4888 et
1092 4828 1271 4889 maximum
1298 4826 1439 4891 valorem
1462 4826 1605 4911 ejusdem
1631 4826 1778 4906 ecclesie,

271 4918 398 4995 septem
415 4911 522 4990 libras,
536 4916 571 4975 et
586 4931 650 4974 nou
666 4910 764 4977 ultre.
1092 4912 1095 4919 '

225 5079 230 5088 ·
311 5051 398 5113 Item
412 5049 537 5129 dicunt,
552 5049 639 5131 quod
654 5048 792 5112 ecclesia
807 5046 998 5131 parochialis
1017 5048 1136 5117 Ssucur
1153 5051 1325 5131 N1cuom1,
1343 5053 1428 5115 infra
1442 5052 1555 5116 villam
1584 5052 1776 5136 predictam,

266 5138 353 5201 valet
376 5157 433 5220 per
458 5157 593 5213 sunum,
618 5156 720 5219 usquc
746 5135 787 5199 ad
815 5156 1026 5219 suppremum
1057 5144 1092 5201 et
1118 5141 1297 5202 muxImum
1314 5140 1454 5204 valorem
1471 5140 1614 5223 ejusdem
1630 5140 1773 5221 ecclesie,

268 5226 390 5311 viginti
406 5224 512 5303 libras,
531 5229 566 5287 et
580 5242 645 5285 nou
661 5223 759 5289 ultre.

310 5363 396 5425 Item
420 5362 546 5438 dicunt,
561 5360 647 5443 quod
670 5361 803 5426 ecclesia
827 5359 1020 5444 parochialis
1048 5364 1169 5430 Ssucrr
1196 5363 1328 5443 Tuous,
1353 5364 1438 5428 inim
1452 5364 1565 5428 villam
1581 5364 1774 5448 predictam,

272 5450 357 5513 valet
371 5470 427 5534 per
441 5468 575 5527 anuum,
584 5470 685 5533 usque
700 5450 741 5514 ud
757 5469 966 5535 suppremum
982 5456 1017 5515 et
1034 5453 1213 5517 maximum
1228 5453 1369 5517 vslcrem
1385 5452 1414 5537 ej
1420 5452 1531 5516 usdem
1545 5452 1686 5529 ecclesie,
1699 5473 1771 5517 xxv.

267 5536 376 5619 libras,
392 5542 426 5601 et
441 5554 506 5601 nou
521 5536 619 5606 ultru.
