4117 6200
290 626 354 693 236
880 626 1187 696 GLOUOESTER.

333 916 440 979 Abbas
462 917 501 979 de
525 912 786 1003 Wynch[cumb]
817 922 909 981 tenet
934 918 1119 981 manerium
1145 916 1185 980 de
1209 918 1323 983 Louna
1348 917 1508 983 Maasnorv
1536 914 1725 1004 [Maasrou]
1746 916 1784 980 de

288 1005 395 1087 priore
410 1000 678 1091 Cove[n]tr[1e]
694 1012 728 1067 et
741 1005 831 1068 idem
846 1004 933 1088 prior
948 1004 989 1069 de
1004 1025 1090 1090 rege,
1107 1004 1163 1069 sed
1178 1024 1255 1082 non,
1270 1003 1328 1073 &c

331 1141 496 1206 Johannes
518 1142 558 1205 de
582 1138 726 1228 Langel[
726 1139 874 1293 {emet
899 1143 1080 1206 manerium
1107 1142 1147 1206 de
1164 1144 1307 1211 Wnsrorv
1330 1143 1371 1206 de
1392 1143 1493 1205 comit
1494 1163 1513 1205 e
1528 1140 1784 1220 Warr(wici),st

288 1230 374 1294 idem
389 1250 495 1295 comes
508 1229 549 1293 de
563 1250 650 1314 rege,
665 1230 730 1309 sed,

332 1366 497 1431 Jobannes
526 1366 709 1430 Marmioun
740 1371 832 1429 tenet
860 1366 1044 1430 manerium
1079 1366 1119 1429 de
1158 1367 1316 1449 Qunurou
1354 1364 1532 1453 [Isauros]
1564 1365 1605 1429 de
1632 1363 1785 1449 Philippo

289 1454 443 1519 Marmun
461 1452 548 1535 (sic),
563 1458 598 1518 et
613 1455 700 1518 idem
716 1452 889 1537 Philippus
903 1453 943 1517 de
959 1454 1079 1517 comite
1094 1454 1286 1537 Leycestrie,
1301 1458 1335 1518 et
1350 1474 1454 1517 comes
1468 1455 1508 1517 de
1522 1472 1609 1538 rege.

333 1592 354 1656 J
355 1590 496 1657 ohannes
510 1592 551 1656 de
567 1592 733 1677 Penbrigg
747 1595 840 1655 tenet
855 1592 968 1655 villam
983 1593 1024 1656 de
1041 1592 1145 1659 Mnus
1159 1593 1200 1656 de
1215 1612 1290 1678 rege
1304 1594 1328 1659 i.
1343 1613 1371 1655 c.
1386 1612 1443 1676 pro
1458 1591 1503 1655 di.
1519 1591 1542 1655 f.
1559 1611 1604 1658 m.

744 1833 965 1899 Hounaanou
988 1854 1032 1899 nn
1054 1828 1332 1918 sslsunfflca]
1381 1778 1384 1787 ὁ

333 2022 515 2085 willelmus
538 2020 578 2085 de
603 2021 716 2085 Monte
740 2021 856 2086 Caniso
878 2025 972 2086 tenet
987 2020 1099 2086 villam
1125 2020 1164 2085 de
1191 2022 1432 2089 Parunnswran
1458 2020 1499 2085 de
1525 2040 1599 2105 rege
1625 2020 1647 2083 i.
1670 2042 1697 2083 c.
1722 2040 1784 2103 qne

288 2112 432 2194 pertinet
447 2110 487 2173 ad
502 2110 666 2173 baroniam
681 2129 782 2173 suam.

332 2248 493 2311 Walterus
519 2248 559 2311 de
584 2246 691 2331 Elyun
714 2268 731 2310 e
733 2246 946 2330 tStephanus
960 2246 999 2310 de
1014 2245 1203 2333 Egesworth
1224 2243 1465 2333 [Eggesworth]
1487 2250 1602 2311 tenent
1617 2246 1728 2310 villam
1745 2246 1785 2309 de

290 2337 499 2402 Eonswoaru
515 2335 556 2399 de
570 2336 682 2399 eodem
697 2334 860 2399 Willelmo
861 2356 943 2419 ,per
958 2335 1130 2398 servicium
1146 2334 1192 2398 di.
1208 2334 1231 2400 f.

332 2474 493 2539 lohannes
507 2474 654 2551 Musam,
668 2475 725 2558 qui
739 2475 813 2537 est
803 2494 839 2537 ιιι
853 2474 1001 2539 custodia
1015 2475 1112 2559 regis,
1127 2478 1218 2539 tenet
1244 2474 1355 2539 villam
1380 2474 1420 2538 de
1446 2475 1497 2541 Im
1520 2474 1719 2541 Musaanuur
1745 2474 1785 2536 de

290 2583 367 2648 rege
382 2564 402 2626 i.
421 2584 449 2629 c.
465 2584 523 2646 per
538 2564 706 2626 servimum
723 2562 767 2625 di.
783 2560 808 2627 l.

335 2702 495 2765 Henricus
509 2702 613 2779 Ense,
627 2700 713 2763 filius
728 2700 865 2764 Henrici
880 2700 980 2779 Huse,
995 2700 1052 2784 qui
1066 2705 1116 2764 est
1131 2701 1165 2763 in
1182 2702 1328 2765 custodia
1341 2701 1439 2785 regis,
1455 2702 1616 2769 Walterns
1638 2701 1679 2765 de
1695 2699 1785 2763 Yhill

297 2785 478 2876 [Deyhill],
491 2795 525 2853 et
552 2789 714 2852 Henricns
738 2787 778 2851 de
794 2788 889 2874 boys,
903 2794 1019 2852 tenent
1034 2788 1146 2851 villam
1172 2788 1213 2851 de
1239 2790 1410 2857 Susaanorv
1432 2786 1635 2875 [Sarnarorv]
1656 2788 1697 2851 de
1713 2808 1786 2874 rege

290 2879 314 2943 i.
331 2899 359 2941 c.
374 2897 431 2960 per
445 2877 616 2941 servicium
629 2876 675 2941 di.
691 2875 715 2941 t'.
731 2896 777 2941 m.

334 3012 499 3079 Johannes
514 3014 667 3091 Mansell‚
680 3013 767 3077 filius
782 3013 940 3077 Willelmi
955 3013 1128 3094 Maansell,
1153 3018 1243 3077 tenet
1267 3012 1479 3078 hamelettum
1501 3015 1541 3078 de
1568 3016 1727 3081 Faourou
1748 3013 1788 3077 de

291 3104 404 3168 eodem
425 3099 593 3190 [eisdem]‚
617 3124 673 3186 per
689 3103 861 3166 servicium
876 3108 990 3187 quarte
1006 3104 1108 3186 partis
1123 3123 1179 3169 un.
1195 3103 1219 3168 f.

661 3383 667 3392 ’
742 3369 964 3436 Hovnaanou
986 3390 1029 3434 nn
1052 3369 1338 3437 DEREHURST.

336 3557 511 3622 Nicholaus
534 3559 575 3622 de
602 3558 754 3622 Hedenet
777 3557 968 3645 [Nicholaus
990 3556 1160 3646 Hodenet]
1182 3565 1275 3622 tenet
1290 3560 1481 3627 lllrrrnsann
1505 3555 1727 3645 [Wrrnrnnn]
1749 3558 1788 3620 de

292 3644 457 3709 Willelmo
469 3646 501 3708 le
515 3645 608 3723 Poer,
622 3651 657 3709 et
672 3645 772 3723 idem,
790 3647 972 3709 Willelmus
987 3647 1028 3710 de
1043 3646 1161 3711 abbate
1179 3644 1250 3733 [de]
1271 3645 1411 3710 Westcn’
1433 3643 1789 3732 [Westm(onasterii)]‚

291 3739 327 3796 et
340 3733 426 3796 idem
440 3731 538 3796 abbas
553 3733 594 3796 de
609 3753 695 3818 rege,
710 3754 765 3816 per
780 3736 949 3798 servicium
965 3734 1011 3799 di.
1028 3735 1052 3804 f.
1070 3754 1114 3800 m.

336 3870 495 3934 Robertus
510 3869 673 3934 Blaunlaet
687 3874 780 3934 tenet
791 3871 1020 3938 Tvuanannua
1036 3873 1068 3934 in
1085 3872 1244 3935 comitatu
1254 3870 1427 3956 Wygornie
1441 3870 1481 3933 de
1492 3872 1602 3935 eodem
1614 3870 1786 3950 Willelmo,

292 3963 328 4021 st
342 3959 431 4022 idem
447 3957 627 4038 willelmus
642 3958 684 4022 de
701 3957 845 4042 predicto
859 3959 988 4040 abbate,
1004 3965 1040 4022 et
1053 3959 1150 4023 abbas
1165 3960 1206 4023 de
1221 3979 1308 4043 rege,
1323 3958 1480 4042 peridem
1498 3959 1680 4025 servicium.

337 4095 437 4182 Hugo
451 4095 589 4160 Mustell
604 4101 693 4161 tenet
714 4097 812 4161 aliam
835 4099 1047 4162 medietatem
1070 4097 1208 4181 predicti
1233 4097 1320 4162 feodi
1343 4097 1383 4160 de
1406 4096 1569 4161 Willelmo
1592 4096 1621 4160 le
1647 4095 1728 4160 Poer
1752 4097 1786 4160 in

294 4184 571 4259 Baoaauorvcona.
586 4193 620 4249 et
634 4185 721 4249 idem
737 4183 920 4249 Willelmas
935 4185 976 4249 de
990 4185 1118 4266 abbate,
1133 4189 1168 4250 et
1181 4185 1278 4250 abbas
1294 4185 1333 4249 de
1348 4204 1436 4270 rege.

708 4450 927 4517 Huvnannuu
951 4473 994 4517 nn
1018 4451 1384 4519 TEDBALDESTON.

339 4637 516 4722 Episcopus
531 4638 773 4723 Wygorniensis
787 4645 879 4704 tenet
893 4643 1076 4706 manerium
1091 4641 1131 4705 de
1149 4641 1257 4709 Onrvn
1282 4663 1355 4705 cum
1379 4641 1534 4706 membris
1559 4641 1600 4705 de
1624 4663 1701 4728 rege
1724 4643 1746 4706 i.
1762 4664 1789 4706 c.

296 4726 349 4789 sed
364 4744 429 4788 non
443 4725 483 4788 lit
497 4727 623 4791 mencio
637 4747 694 4810 per
709 4727 794 4810 quod
809 4728 989 4794 servicium.

340 4861 516 4927 Nicholaus
530 4863 561 4927 le
576 4861 697 4928 Archer
711 4871 805 4929 tenet
818 4872 945 4950 partem
960 4866 1000 4930 de
1016 4867 1124 4935 Ssoan
1138 4867 1178 4930 de
1192 4887 1267 4952 rege
1281 4868 1303 4930 i.
1319 4889 1345 4930 c.
1362 4888 1419 4950 per
1434 4868 1605 4932 servicium
1627 4867 1790 4931 deferendi

295 4971 400 5016 unum
413 4970 525 5015 arcum
540 4973 613 5015 cum
630 4953 760 5035 sagittis
775 4974 850 5016 cum
866 4975 942 5038 rege
956 4955 992 5017 in
1008 4955 1171 5018 excercitu
1186 4975 1255 5034 suo,
1270 4954 1453 5039 sumptibus
1468 4956 1544 5034 suis,
1560 4976 1616 5038 per
1630 4955 1674 5021 xl.
1687 4955 1766 5019 dies.

732 5192 951 5260 Hurvnannou
974 5215 1018 5260 nn
1042 5194 1357 5264 GAMUPPEDEN.

343 5381 566 5451 Gsuvsrannrv
588 5379 801 5469 [umorum]
833 5387 964 5450 tenetur
978 5386 1019 5449 de
1035 5405 1111 5471 rege
1125 5387 1148 5452 i.
1165 5407 1191 5450 c.
1207 5407 1264 5471 per
1279 5386 1451 5450 servicium
1470 5386 1515 5451 di.
1532 5388 1555 5452 f.
1572 5406 1616 5451 m.
1663 5389 1712 5450 set
1727 5405 1791 5449 non

298 5471 337 5533 lit
353 5471 479 5534 mencio
493 5475 550 5556 qui
565 5491 639 5536 eam
654 5475 755 5536 tenet.
