4117 6200
973 631 1130 699 ESSEX.

820 924 957 988 Boncrs
979 942 1022 987 nu
1047 920 1303 989 COLCESTRE

889 1084 947 1147 per
969 1062 1228 1147 inquisicionem.

353 1204 498 1307 Ecclesia
526 1204 651 1272 Ssucrn
676 1204 806 1280 Eunus,
834 1206 945 1267 vocale
970 1204 1227 1279 Caoucnnacnn,
1254 1200 1355 1265 nichil
1381 1200 1467 1266 valet
1488 1220 1547 1284 per
1569 1220 1705 1280 annum,
1719 1200 1807 1264 ultra

310 1312 459 1375 reprisas.

354 1429 499 1493 Ecclesia
525 1429 651 1495 Ssucrn
675 1429 789 1494 Marus
827 1432 869 1493 in
894 1428 1024 1492 Munurr
1050 1425 1136 1491 valet
1161 1446 1221 1510 per
1246 1436 1380 1505 annum,
1416 1426 1503 1490 ultra
1535 1426 1681 1509 reprisas,
1703 1424 1805 1509 xiijs.

309 1514 413 1601 iiij.d.
459 1516 539 1580 Inde
554 1516 736 1579 subsidium
751 1515 909 1600 parochie.
952 1511 1075 1577 Nichil.

354 1653 495 1718 Ecclesia
512 1654 637 1721 Ssucrn
663 1655 853 1720 Tarurrsrrs
883 1653 972 1717 valet
992 1673 1051 1737 per
1066 1673 1199 1731 annum,
1213 1653 1302 1717 ultra
1315 1652 1464 1736 reprisas,
1477 1650 1526 1735 iij.
1543 1649 1678 1735 s.iiij.cl.
1723 1650 1805 1715 Inde

311 1741 492 1805 subsidium
506 1742 666 1825 parochie.
710 1739 832 1804 Nichil.

354 1878 497 1942 Ecclesia
514 1878 632 1945 Ssucrr
647 1879 830 1943 Ruuwsnnr
845 1876 931 1942 valet
961 1897 1017 1961 per
1032 1896 1166 1956 annum,
1181 1877 1268 1941 ultra
1294 1878 1446 1962 reprisas,
1460 1875 1563 1960 xiij.s.
1579 1872 1682 1959 iiij.d.
1727 1872 1807 1939 Inde

312 1964 491 2029 subsidium
508 1966 668 2048 parochie.
712 1964 835 2031 Nichil.

356 2101 498 2165 Ecclesia
523 2100 714 2185 parochialis
752 2101 795 2165 de
819 2101 958 2167 Luscus
975 2102 1063 2166 valet
1089 2121 1146 2185 per
1171 2120 1305 2181 annum,
1320 2100 1407 2165 ultra
1422 2100 1569 2185 septiens,
1583 2098 1680 2183 cvj.s.
1696 2096 1807 2183 viijc.

316 2188 398 2253 Inde
413 2187 594 2254 subsidium
609 2188 770 2272 parochie,
785 2209 847 2253 ns.
863 2186 973 2273 viijd.

354 2324 496 2388 Ecclesia
511 2322 705 2409 parochialis
719 2325 760 2389 de
774 2326 941 2391 Munnuuu
957 2326 1046 2391 valet
1060 2346 1119 2409 ρετ
1143 2345 1277 2404 annum,
1299 2325 1383 2390 ullrs
1398 2326 1547 2408 reprisas,
1560 2323 1625 2407 iiij.
1643 2320 1680 2387 li.
1725 2321 1806 2385 Inde

311 2412 494 2477 subsidium
509 2412 670 2497 parochie,
685 2412 754 2497 viij.
764 2433 790 2475 ε.

356 2549 501 2615 Ecclesia
518 2550 636 2620 Ssncrr
651 2552 766 2628 Purus,
785 2550 984 2631 Concussae,
1000 2551 1087 2615 valet
1101 2571 1159 2634 per
1173 2570 1307 2633 annum,
1324 2551 1410 2616 ultra
1428 2551 1573 2636 reprisas.
1602 2548 1647 2613 xl.
1658 2568 1685 2613 s.
1729 2546 1808 2611 Inde

312 2638 495 2704 subsidium
510 2637 673 2722 parochie,
688 2638 783 2722 iiijs.

353 2776 497 2840 Ecclesia
514 2776 632 2843 Ssncrr
648 2776 797 2842 Maarnu
813 2776 903 2840 valet
917 2795 1126 2859 perannum,
1142 2777 1230 2842 ultra
1245 2778 1392 2861 reprisas,
1408 2796 1473 2842 ns.
1526 2775 1608 2840 Inde
1630 2772 1808 2840 subsidium

312 2864 475 2948 parochie.
520 2860 642 2927 Nichil.

356 3000 502 3065 Ecclesia
527 3000 720 3085 parochialis
745 3000 785 3065 de
810 3000 1034 3069 Gununsrenn
1060 3000 1164 3065 nichil
1190 3002 1278 3067 valet
1300 3023 1359 3085 per
1388 3022 1523 3079 annum,
1548 3002 1635 3065 ultra
1660 2999 1808 3083 reprisas.

313 3087 501 3154 Subsidium
514 3086 673 3174 parochie.
716 3087 839 3154 Nichil.

357 3226 500 3291 Ecclesia
525 3227 643 3295 Saucrr
670 3228 785 3295 Jaconr
810 3228 898 3292 veleb
922 3248 980 3313 per
1004 3248 1138 3309 annum,
1164 3230 1250 3293 ultra
1277 3227 1423 3312 reprisas,
1445 3227 1543 3312 liij.s.
1571 3225 1675 3312 iiij.d.
1729 3224 1810 3288 Inde

314 3314 495 3379 subsidium
509 3311 671 3398 parochie,
684 3335 749 3381 us.
773 3336 834 3400 rnJ.
843 3315 876 3381 d.

356 3450 501 3516 Ecclesia
516 3452 657 3520 Orrruurr
674 3454 869 3520 Ssucrcaun
883 3453 972 3517 valet
985 3474 1045 3539 per
1059 3473 1194 3534 annum,
1209 3454 1296 3518 ultra
1310 3454 1460 3538 reprisas,
1474 3453 1522 3539 iij.
1534 3473 1561 3518 s.
1576 3452 1638 3538 iiij.
1650 3449 1683 3516 d.
1728 3449 1810 3514 Inde

315 3537 496 3603 subsidium
518 3541 677 3623 parochie.
722 3541 845 3605 Nichil.

357 3675 501 3740 Ecclesia
518 3677 636 3743 Ssucrr
652 3679 814 3744 Nrononu
829 3679 915 3743 valet
928 3700 988 3763 per
1003 3698 1136 3758 annum,
1150 3679 1237 3744 ullra
1251 3680 1396 3763 reprisas,
1419 3678 1494 3762 lxvj.
1505 3697 1531 3742 s.
1559 3677 1627 3762 viij.
1639 3675 1672 3741 d.
1729 3673 1812 3738 Inde

316 3763 495 3827 subsidium
511 3763 672 3847 parochie,
688 3765 767 3849 vj.s.
792 3765 903 3852 viijd.

359 3899 502 3964 Ecclesia
519 3901 637 3968 Ssucrr
652 3902 825 3968 Luousnnr
839 3903 926 3967 valet
940 3925 997 3986 per
1011 3923 1145 3984 annum,
1167 3904 1254 3969 ultra
1267 3903 1416 3987 reprisas,
1437 3902 1545 3987 lxvjs.
1575 3901 1685 3987 viijd.
1730 3899 1811 3964 Inde

315 3986 497 4052 subsidium
512 3988 672 4072 parochie,
685 3989 727 4073 vj.
741 4011 766 4055 s.
793 3989 861 4076 viij.
870 3989 904 4056 cl.

359 4125 515 4189 Ecclesia.
525 4126 651 4194 Sensus
675 4128 789 4194 Maure
816 4130 1025 4196 Mscnsnsun
1040 4129 1127 4195 valel
1142 4149 1198 4214 per
1212 4148 1347 4209 annum,
1361 4129 1448 4194 ullra
1461 4129 1597 4213 reprisas
1612 4146 1675 4194 na.
1730 4125 1811 4190 Inde

317 4213 497 4277 subsidium
513 4213 674 4298 parochie.
719 4216 841 4281 Nichil.

359 4349 506 4416 Ecclesia
533 4353 651 4420 Ssucrr
676 4353 795 4420 Ecrnrr
820 4356 908 4420 valet
931 4376 990 4440 per
1013 4375 1146 4434 annum,
1160 4357 1248 4421 ultra
1262 4357 1409 4441 reprisas,
1422 4353 1533 4438 luris.
1559 4351 1671 4438 viij.d.
1731 4351 1811 4417 Inde

318 4438 499 4503 subsidium
521 4439 679 4523 parochie,
694 4442 771 4526 vj.s.
796 4441 909 4526 viijc.

360 4572 503 4638 Ecclesia
520 4576 637 4644 Ssucrr
653 4579 822 4646 Bouonrnr
838 4582 926 4645 valer
940 4601 999 4665 per
1013 4601 1147 4663 annum,
1161 4581 1248 4646 nllra
1262 4581 1412 4666 reprisas,
1435 4581 1543 4667 lxvjs.
1568 4577 1679 4665 viiju.
1733 4577 1813 4642 Inde

320 4661 499 4726 subsidium
514 4665 675 4747 parochie,
691 4667 768 4749 vj.s.
792 4667 903 4750 vujc.

361 4796 504 4862 Ecclesia
517 4798 707 4882 parochialis
722 4804 763 4867 de
778 4805 1021 4871 Esrnomrnoun
1032 4807 1117 4871 valel
1132 4827 1189 4891 per
1202 4826 1336 4886 annum,
1346 4806 1433 4871 ultra
1447 4807 1593 4890 reprisas,
1604 4804 1653 4888 iij.
1667 4825 1693 4869 s.
1709 4800 1813 4888 iiij.cl.

319 4883 401 4948 Inde
417 4885 597 4950 subsidium
612 4890 770 4973 parochie.
816 4892 937 4957 Nichil.

359 5063 381 5131 S
404 5084 493 5127 mma
501 5023 666 5193 {V³¹⁰l³⁵.
672 5025 900 5129 parochiarum
916 5029 1002 5091 iufra
1016 5029 1156 5114 burgum
1170 5030 1211 5094 de
1227 5029 1385 5095 Colcestre
1400 5029 1496 5114 xxvij.
1515 5026 1552 5093 li.
1569 5028 1599 5112 vj
1605 5048 1649 5093 ,ε
1680 5023 1791 5111 viij.d.
1863 5071 1865 5076 -

537 5109 681 5176 Subsrdu
697 5113 806 5197 lrrrJ.e.
834 5115 944 5198 vnpd.
972 5116 1125 5180 videlicet
1141 5118 1181 5182 de
1196 5119 1343 5202 qualibet
1358 5117 1441 5182 libra
1455 5119 1525 5201 ijs.

369 5242 433 5330 [De
448 5244 556 5328 aliquo
571 5248 740 5336 caracellrd]
756 5251 801 5315 El
814 5259 989 5318 onerantur
1003 5275 1100 5338 super
1114 5263 1300 5339 compotum
1315 5255 1355 5320 de
1378 5256 1460 5338 xiiij.
1484 5252 1522 5318 lc'.
1547 5273 1610 5318 us.
1637 5249 1696 5336 iiij.
1704 5248 1737 5317 d.
1763 5249 1813 5314 ob.

318 5335 363 5414 q‘.
378 5329 654 5422 de[subsliluled]
670 5338 812 5402 subsidio
827 5341 1036 5426 contingente
1051 5343 1191 5407 diversas
1203 5346 1365 5425 porciones
1381 5341 1589 5425 supradictas,
1604 5358 1684 5422 quas
1699 5339 1815 5402 diversi

319 5421 380 5484 viri
405 5421 559 5504 religiosi,
573 5428 609 5486 eh
632 5425 702 5502 alii,
726 5427 896 5490 annuatim
923 5430 1106 5512 percipiunt
1128 5429 1169 5494 de
1190 5430 1326 5494 diversis
1350 5428 1492 5493 ecclcsris
1513 5426 1706 5510 supradictis
1729 5425 1814 5488 infra

318 5509 509 5575 comitatum
523 5509 716 5600 predictum,
729 5535 793 5601 qne
808 5514 850 5578 ad
864 5515 985 5604 cxxxvi.
1001 5517 1036 5584 li.
1052 5537 1083 5581 v.
1097 5535 1124 5584 s.
1140 5515 1201 5598 iiij.
1218 5516 1251 5584 cl.
1268 5536 1461 5601 perannum
1476 5517 1610 5579 inter'se
1623 5513 1664 5578 ab
1679 5513 1814 5598 antiquo
