4117 6200
316 629 379 694 ³52
987 630 1145 698 HAN'PS.

358 921 452 986 Prior
476 920 588 986 Sancti
614 919 764 986 Swithini
789 927 881 987 tenet
906 922 1077 987 dimidiam
1102 928 1226 1008 partem
1250 923 1273 990 f.
1301 944 1346 991 m.
1363 925 1399 988 iu
1425 925 1711 1005 Urswrusouuuu,
1726 926 1812 1010 quod

314 1007 475 1074 Robertus
488 1011 527 1074 de
543 1008 705 1074 Lamsehe
723 1014 848 1090 (rectius
865 1010 1050 1090 Talmaohe)
1067 1012 1229 1095 quondam
1244 1014 1364 1080 tenuit.

357 1147 520 1213 Johmnes
549 1149 646 1236 Boys,
674 1149 824 1230 ehivaler,
853 1153 945 1214 tenet
973 1151 1018 1215 di.
1049 1150 1072 1214 f.
1104 1172 1148 1215 m.
1179 1151 1214 1213 iu
1245 1152 1406 1217 Fsuusou
1436 1151 1696 1232 emissorem,
1726 1153 1812 1238 quod

314 1235 491 1300 Nioholaus
506 1235 629 1322 Okeley
643 1238 805 1320 quondam
819 1238 939 1302 tenuit.

358 1374 518 1440 Robsrtus
539 1375 647 1440 Pistor
670 1381 762 1442 tenet
785 1378 986 1461 quarterium
1010 1377 1035 1443 f.
1060 1397 1105 1443 m.
1133 1377 1168 1440 in
1200 1379 1354 1457 uenero,
1377 1379 1463 1463 quod
1488 1377 1655 1444 Johonues
1686 1377 1811 1464 Ohipps

314 1463 481 1547 quondam·
491 1465 609 1528 tenuit.
744 1547 747 1550 ἦ

357 1599 521 1666 Johsuues
545 1603 657 1686 Philip
683 1607 771 1667 tenet
794 1604 840 1670 di.
856 1603 880 1670 f.
894 1623 939 1669 m.
957 1604 993 1668 in
1017 1605 1359 1683 ermswrusourru,
1374 1606 1460 1688 quod
1474 1605 1634 1670 Robertus
1650 1605 1810 1690 Berbergs

319 1692 444 1769 (rectius
461 1691 634 1776 Gerberge)
652 1691 814 1775 quondam
829 1693 947 1756 tenuit.

357 1829 446 1894 Item
461 1830 575 1894 dicunt
588 1830 689 1894 eciem
705 1850 800 1914 super
814 1834 1050 1895 sacramentum
1066 1851 1171 1910 suurn,
1186 1831 1271 1916 quod
1292 1851 1356 1896 nou
1382 1839 1460 1895 suut
1482 1832 1588 1916 plures
1613 1833 1670 1916 qui
1696 1837 1811 1897 teuent

312 1917 442 2002 aliquod
457 1917 589 1982 feodum
602 1918 732 2000 militis,
740 1919 951 1981 medietatem
968 1919 1053 1983 feodi
1067 1919 1196 1998 militis,
1211 1919 1344 1983 tercium
1360 1924 1485 2002 partem
1500 1919 1587 1984 feodi
1607 1919 1737 1998 militis,
1750 1939 1810 1984 neo

313 2009 461 2090 quartum
476 2010 601 2089 purtem
617 2005 704 2069 feodi
718 2005 845 2084 militis,
861 2007 946 2070 infre
960 2003 1130 2072 hundreda
1145 2007 1301 2090 predicta.
1349 2006 1388 2070 Iu
1403 2006 1497 2090 eujus
1512 2009 1560 2071 rei
1581 2008 1809 2072 testimonium

312 2092 389 2158 huie
403 2093 612 2178 inquisicioni
627 2093 766 2176 predicti
775 2092 937 2177 juratores
958 2094 1067 2179 sigilla
1090 2114 1147 2158 sue
1172 2099 1404 2180 apposuerunt.
1451 2093 1574 2158 Datum
1600 2095 1664 2173 die,
1679 2094 1759 2176 looo,
1775 2101 1811 2160 et

314 2201 399 2245 anno
414 2181 617 2265 supradietis.

358 2317 445 2382 Item
458 2316 625 2382 Johauues
639 2316 746 2403 Roget
759 2322 851 2382 tenet
864 2321 1012 2401 quartem
1030 2323 1157 2401 purtem
1172 2319 1195 2384 f.
1212 2339 1258 2383 m.
1274 2319 1308 2381 iu
1332 2319 1534 2397 Houoflrou,
1548 2319 1635 2403 quod
1650 2318 1811 2384 Walterus

313 2405 445 2490 Woleys
459 2410 495 2470 et
508 2404 684 2470 Nioholuus
699 2405 739 2469 de
753 2405 891 2468 Murisoo
907 2406 1070 2490 quondam
1085 2410 1274 2471 tenuerunt.

787 2623 1113 2630 --——--.-—-.
1129 2623 1329 2630 ----------ι

884 2785 1065 2874 [rusum
1086 2785 1257 2876 uuest]

356 2953 533 3039 Inquisioio
547 2954 644 3035 oepts
657 2950 744 3033 apud
758 2949 923 3034 Newport,
936 2951 971 3014 iu
988 2949 1099 3014 Insula
1113 2949 1227 3032 Vecta,
1243 2952 1279 3015 iu
1295 2951 1455 3014 comitatu
1480 2949 1739 3034 Southomptou’,
1756 2949 1809 3015 die

311 3041 446 3109 Subbsti
471 3040 617 3126 proximo
644 3043 719 3123 post
744 3039 863 3103 festum
878 3037 1110 3103 Transluoiouis
1138 3038 1249 3104 Sancti
1275 3037 1418 3117 Rioardi,
1433 3037 1594 3124 Episcopi,
1611 3058 1695 3104 euno
1718 3040 1809 3124 regui

310 3133 396 3216 regis
425 3129 559 3194 Heuriei
590 3128 673 3190 sexti
702 3131 773 3211 post
804 3130 1017 3209 conquestum
1048 3136 1148 3203 sexto,
1171 3148 1278 3192 eorum
1308 3126 1455 3191 Johaune
1483 3126 1594 3191 Haket
1623 3133 1658 3193 et
1687 3127 1811 3191 Thomu

311 3218 498 3304 Depedene‚
511 3215 793 3280 commissiouariis
807 3215 934 3279 domiui
948 3215 1046 3299 regis,
1060 3216 1183 3278 virtute
1200 3216 1365 3278 literarum
1384 3216 1570 3298 poteuoium
1585 3216 1665 3277 dieti
1687 3214 1811 3279 domini

309 3303 886 3477 tttnttttnft‘tttfftstssf
894 3299 1811 3475 tttffittttftttssd‘ttstiittwitti}

313 3482 462 3563 Wenyot,
477 3477 498 3541 J
499 3474 635 3541 ohannis
650 3475 776 3561 Baylly,
790 3476 831 3541 de
848 3476 995 3558 Preston,
1012 3476 1170 3541 Willelmi
1185 3481 1255 3541 otte
1270 3476 1365 3554 Well,
1381 3474 1530 3541 Nioholei
1547 3475 1641 3556 Dore,
1653 3476 1810 3541 Willelmi

311 3567 408 3644 Dore,
418 3572 453 3630 et
468 3562 624 3629 Johanuis
639 3562 746 3643 Msoy,
759 3565 818 3648 qui
832 3568 943 3628 omne's
954 3564 1070 3649 jurati,
1084 3570 1117 3628 et
1133 3585 1189 3648 pro
1204 3564 1336 3628 domiuo
1350 3584 1425 3647 rege
1440 3564 1577 3642 onerati,
1591 3564 1705 3628 dieunt
1717 3583 1811 3648 super

314 3657 551 3720 ssorumentum
567 3670 663 3716 suum
678 3652 764 3735 quod
775 3675 828 3715 :—
1887 3658 1892 3669 '

355 3844 521 3909 Johunues
535 3843 576 3907 de
591 3840 679 3905 Lisle
695 3845 786 3906 tenet
798 3841 836 3926 ij.
852 3842 877 3907 f.
892 3862 937 3907 m.
964 3843 1000 3904 iu
1024 3841 1149 3908 Rowuu
1175 3846 1209 3906 et
1235 3840 1326 3919 alibi,
1347 3840 1433 3926 quod
1455 3841 1646 3907 Elisabetho
1669 3840 1722 3905 del
1746 3840 1810 3905 isle

312 3932 475 4016 quondum
490 3931 608 3996 tenuit.

356 4068 524 4135 Johsnues
539 4068 650 4134 Hulret
663 4073 699 4133 et
713 4068 875 4133 Henrious
890 4068 1020 4134 Howles
1036 4073 1129 4134 tenet
1143 4069 1189 4135 di.
1200 4068 1223 4135 f.
1237 4089 1282 4135 m.
1293 4070 1327 4131 in
1343 4069 1534 4143 Mmuuuou,
1549 4066 1635 4151 quod
1650 4066 1670 4132 J
1672 4065 1812 4132 ohsunes

313 4158 448 4224 Westou
462 4156 625 4241 quondum
638 4158 757 4221 tenuit.

355 4294 519 4361 Johuunes
535 4293 649 4377 Wyvel
662 4297 752 4358 tenet
765 4293 798 4359 d.
815 4294 839 4360 f.
854 4314 900 4359 m.
914 4294 949 4357 in
966 4294 1142 4361 Tuo'xuuorr
1165 4298 1199 4358 et
1220 4294 1310 4373 olibi,
1325 4294 1412 4378 quod
1436 4291 1600 4357 Johonnes
1623 4292 1655 4356 le
1682 4291 1812 4356 Forster

312 4384 475 4471 quondum
499 4382 619 4447 tenuit.
663 4380 738 4445 Non
763 4381 946 4465 respondet,
959 4384 1037 4466 quia
1055 4382 1214 4446 dividitur
1229 4384 1264 4445 iu
1279 4381 1340 4464 iiij.
1356 4401 1561 4464 possessores,
1576 4380 1710 4458 seilicet,
1725 4379 1813 4443 iuter

312 4471 494 4537 Johmnem
509 4468 607 4547 Lisle,
621 4468 800 4533 Henrieum
824 4468 962 4548 Howles,
984 4469 1202 4553 Margaretom
1220 4470 1349 4553 Wsyte,
1366 4468 1569 4532 Willelmum
1594 4466 1812 4552 Kyugeswell,

312 4558 497 4625 Johauuem
512 4555 619 4633 Stille,
634 4559 668 4619 et
686 4555 888 4620 Willelmum
904 4557 1151 4640 Ryugebourus.

356 4695 496 4761 Thomas
510 4693 639 4758 Vuwser
662 4697 697 4756 et
724 4692 865 4756 Issbella
886 4690 968 4781 [del]
990 4692 1071 4756 Isele
1097 4697 1212 4757 teuent
1236 4694 1272 4756 iu
1295 4693 1517 4759 ersrmrs
1540 4691 1584 4757 di.
1610 4692 1635 4757 f.
1661 4712 1704 4757 m.
1725 4692 1811 4776 quod

313 4784 437 4849 Housis
459 4781 655 4863 Flemmyng
675 4780 838 4865 quondam
867 4782 984 4844 tenuit.
1031 4779 1104 4843 Nou
1137 4780 1369 4863 (respondent),
1397 4781 1474 4864 quie
1503 4779 1661 4842 dividitur
1688 4780 1724 4841 iu
1760 4780 1809 4863 iij.

311 4868 686 5023 pppgplspppssghseilioet,
723 4870 807 4930 inter
844 4865 1028 4931 Joheunem
1065 4866 1162 4945 Lisle,
1202 4866 1383 4931 Johennem
1429 4865 1542 4945 stom,
1584 4874 1618 4929 et
1654 4864 1811 4929 Thomem

351 5093 508 5159 Ricardus
522 5091 636 5156 Hume
648 5096 682 5155 st
695 5090 801 5155 Johen
816 5089 934 5173 Meyeu
950 5094 1064 5154 tenent
1080 5090 1123 5155 di.
1140 5090 1164 5156 f.
1182 5112 1226 5156 m.
1251 5091 1286 5153 in
1313 5090 1521 5167 Purusrouu,
1545 5086 1631 5171 quod
1653 5086 1812 5151 Jordauus

314 5184 504 5270 Kyngeston
518 5180 681 5265 quondam
696 5179 816 5242 tenuit.

353 5315 608 5470 Ripssrdupaecoirte
623 5322 737 5381 teuent
752 5318 902 5402 quartam
917 5320 1043 5399 partem
1058 5316 1081 5383 f.
1099 5338 1142 5383 m.
1160 5316 1194 5379 iu
1209 5316 1378 5393 Mauri,
1394 5314 1479 5398 quod
1494 5312 1599 5376 ddum
1614 5312 1656 5376 de
1673 5310 1811 5396 Roksley

313 5428 399 5495 quon
441 5427 475 5468 m
523 5424 609 5470 nur.

357 5546 442 5611 Item
456 5545 542 5629 prior
557 5542 677 5609 Christi
691 5542 831 5607 Eoolesie
844 5544 937 5607 tenet
949 5549 1101 5629 quartem
1115 5548 1241 5629 portem
1258 5542 1281 5609 i.
1297 5562 1342 5609 m.
1358 5541 1394 5603 iu
1409 5538 1651 5607 Wrrrmom.
