4117 6200
296 631 360 700 374
960 626 1120 695 HANTS.

339 917 384 981 Et
399 916 513 982 dicunt
527 917 667 982 ulterius
677 915 837 1003 juratores
852 917 990 1001 predicti
1007 915 1093 1002 quod
1108 936 1220 981 omnes
1235 933 1368 999 persone
1383 910 1577 996 supradicte,
1592 909 1646 974 dis
1660 905 1795 972 Veneris

295 1006 443 1088 proximo
467 1011 544 1069 aute
569 1003 689 1070 festum
715 1004 827 1069 Sancti
853 1004 997 1083 Hillarii,
1010 1025 1095 1068 anno
1121 1006 1213 1090 regni
1236 1003 1318 1066 dicti
1340 1001 1465 1064 domiui
1493 1000 1579 1084 regis
1592 1016 1681 1060 nunc
1696 1014 1794 1072 nono,

294 1092 458 1171 videlicet,
484 1094 587 1176 primo
612 1092 665 1156 die
694 1092 802 1156 ultimi
831 1092 1050 1176 parliamenti,
1077 1093 1181 1156 seisiti
1198 1093 1329 1154 fuerrmt
1343 1089 1382 1152 de
1398 1089 1496 1151 dictis
1511 1085 1676 1163 maneriis,
1691 1083 1794 1159 terris,

296 1182 495 1244 tenementis
509 1187 543 1244 et
560 1180 757 1260 redditibus,
773 1182 807 1242 in
822 1179 985 1243 dominico
1000 1200 1069 1259 suo,
1085 1184 1124 1244 ut
1137 1180 1179 1242 de
1192 1179 1294 1242 libero
1308 1181 1511 1241 tenemento.

338 1318 378 1380 In
405 1317 496 1401 cujus
520 1318 746 1382 testimouium
772 1323 839 1382 tam
866 1318 1008 1402 predicti
1031 1319 1264 1382 comissionarii
1289 1337 1385 1400 quam
1411 1313 1528 1399 prefati
1543 1311 1701 1383 iuratores
1716 1305 1794 1371 huic

293 1406 505 1488 inquisicioni
521 1406 630 1490 sigilla
645 1427 702 1470 sua
716 1411 947 1490 apposuerunt.

336 1543 459 1608 Datum
473 1544 556 1622 loco,
570 1543 634 1624 die,
651 1549 784 1608 stanno
800 1545 1006 1630 supradictis.

814 1833 1129 1841 ———---——
1135 1832 1317 1839 ———

842 2047 972 2116 uronis
995 2046 1245 2116 WYNTONIE.

338 2231 513 2314 inquisicio
528 2237 623 2317 capta
638 2233 725 2316 apud
739 2231 962 2317 Wyntoniam,
979 2233 1034 2297 die
1049 2231 1203 2295 Mercurii
1218 2233 1364 2316 proximo
1387 2237 1461 2312 post
1475 2231 1594 2294 festum
1611 2225 1793 2312 Epiphanic

293 2319 437 2399 Domini,
453 2339 537 2384 anno
561 2321 653 2404 regni
680 2321 766 2403 regis
791 2321 926 2385 Henrici
952 2323 1036 2385 sexti
1062 2325 1137 2404 post
1162 2325 1375 2403 conquestum
1392 2318 1510 2403 Anglie
1531 2318 1668 2396 decimo,
1685 2333 1792 2378 coram

293 2405 441 2470 Johanne
478 2406 633 2485 Uvedale,
666 2407 832 2472 Willelmo
869 2408 1001 2486 Brooas,
1036 2406 1178 2471 Roberto
1214 2407 1376 2492 Dyuglay,
1413 2413 1447 2470 et
1482 2401 1630 2470 Johanne
1664 2401 1793 2478 Rouole,

292 2494 544 2558 comissionariia
559 2495 683 2558 domini
697 2497 784 2580 regis
799 2497 833 2559 iu
849 2499 1011 2560 comitatu
1022 2495 1261 2577 Sutbampton',
1273 2496 1395 2558 virtute
1406 2493 1591 2557 litterarum
1606 2490 1793 2575 pateucium

294 2581 418 2645 domini
434 2582 520 2667 regis
534 2581 657 2646 eisdem
672 2583 869 2651 directarum
884 2591 918 2648 et
933 2583 1010 2648 huic
1024 2583 1234 2665 inquisicioni
1251 2587 1470 2658 consutarum,
1484 2600 1544 2664 per
1556 2580 1795 2643 sacramentum

292 2669 462 2733 duodecim
486 2668 641 2754 legalium
672 2667 845 2734 homiuum
874 2672 951 2735 ville
980 2671 1126 2734 civitatis
1156 2668 1332 2753 Wyntonie
1361 2669 1515 2751 predicte,
1547 2666 1710 2742 videlicet,
1739 2683 1795 2747 por

293 2762 530 2820 sacramentum
546 2756 704 2820 Willelmi
719 2757 826 2840 Gylle,
842 2758 1000 2822 Willelmi
1016 2757 1193 2836 Fromond,
1207 2755 1329 2821 Thome
1354 2756 1471 2835 Bouet,
1493 2754 1607 2818 Jaocbi
1622 2749 1793 2838 wynhala

293 2843 453 2907 Johannis
483 2843 614 2921 Suttou,
643 2843 777 2907 Roberti
807 2844 1038 2931 Wylyngham,
1075 2845 1199 2909 Thome
1236 2845 1392 2922 Peverell,
1422 2842 1581 2906 Willelmi
1617 2839 1794 2915 Burnham,

295 2929 454 2994 Johunnis
482 2929 630 3014 Benfeld,
662 2930 793 2994 Ricardi
823 2932 933 3011 Mons,
959 2930 1084 2996 Tbome
1111 2931 1293 3012 Utwortbe,
1307 2936 1342 2995 et
1369 2929 1529 2994 Johannis
1551 2928 1709 3008 Alsstsrs,
1736 2925 1794 3010 qui

293 3018 410 3082 dicunt
425 3038 522 3102 super
538 3025 774 3084 sacramentum
788 3040 884 3084 suum
899 3020 984 3106 quod
994 3045 1049 3086 r-

339 3208 498 3272 Henricus
529 3206 643 3272 Somer
672 3210 712 3274 de
741 3210 895 3291 London’,
926 3212 1076 3295 armiger,
1106 3214 1200 3275 tenet
1227 3209 1264 3271 iu
1294 3208 1430 3273 civitate
1453 3206 1630 3291 Wyntonie
1655 3207 1794 3291 quatuor

294 3296 461 3381 mesnagis
476 3297 512 3358 iu
527 3295 695 3382 burgagio,
711 3318 774 3380 que
789 3297 901 3363 valent
916 3319 1110 3383 perannum
1124 3297 1211 3362 ultra
1225 3296 1362 3380 reprisas
1477 3332 1492 3343 -
1623 3332 1636 3347 -
1679 3288 1793 3375 supli.

336 3430 500 3496 Johanues
515 3430 627 3496 Lokke
642 3432 682 3497 de
697 3434 831 3499 civitate
847 3434 1035 3518 Wyntouie,
1053 3437 1088 3499 in
1103 3435 1261 3499 comitatu
1284 3429 1528 3517 Suthampton’,
1543 3432 1631 3517 dyst,
1645 3433 1738 3497 tenet
1757 3430 1793 3492 in

291 3519 379 3583 dicta
393 3520 527 3584 civitate
541 3541 596 3585 sex
611 3523 781 3605 mesurgia
796 3522 831 3585 iu
846 3521 1017 3608 burgagio,
1031 3544 1095 3606 que
1111 3521 1223 3587 valent
1238 3540 1294 3604 per
1309 3540 1432 3585 aunum
1448 3520 1534 3585 ultra
1548 3522 1686 3605 reprisas
1709 3605 1743 3668 lx
1764 3624 1781 3669 8

336 3744 494 3809 Ricardus
523 3744 600 3809 Bolt
629 3744 671 3809 de
699 3744 812 3810 eadem
842 3749 989 3827 civitate,
1018 3750 1054 3811 in
1085 3747 1261 3834 comitatu
1282 3747 1443 3831 predicto,
1474 3746 1669 3833 gentilman,
1701 3748 1796 3808 tenet

293 3838 432 4003 pppltippp
455 3834 620 3969 mesuagia
635 3835 677 3969 iu
704 3834 837 3969 civitate
861 3836 1007 3971 predicta
1030 3834 1260 3975 in-burgagio,
1275 3856 1338 3921 qus
1354 3835 1464 3975 ualent
1486 3855 1544 3969 per
1569 3853 1692 3969 annum
1707 3830 1794 3983 pptraa

338 4056 502 4123 Johanues
527 4060 649 4123 Arnold
676 4060 717 4123 de
743 4059 855 4124 eadem
879 4062 1026 4139 civitate,
1052 4062 1086 4123 in
1112 4062 1275 4125 comitatu
1300 4062 1457 4145 predicto,
1480 4059 1676 4146 gentilmau,
1702 4061 1795 4121 tenet

294 4152 431 4318 ppprtirppp
453 4149 619 4282 mesuagio
644 4149 679 4210 in
704 4148 842 4284 civitate
868 4149 1014 4281 predicta
1038 4149 1072 4285 iu
1095 4149 1263 4284 burgagio,
1277 4170 1347 4283 que
1355 4149 1465 4213 valent
1476 4168 1547 4283 ‘per
1568 4146 1795 4316 annumuppltlpa

337 4370 494 4436 Ricardus
518 4372 691 4437 Turnaunt
717 4372 757 4436 de
784 4374 899 4437 eadem
922 4374 1066 4452 civitate,
1079 4374 1115 4436 iu
1137 4374 1299 4439 comitatu
1313 4374 1471 4458 predicto,
1486 4369 1688 4450 mercham,
1703 4375 1794 4435 tenet

293 4464 432 4632 ppprtirppp
445 4460 611 4594 mesnagis
625 4460 660 4595 in
677 4460 810 4596 civitate
832 4462 981 4597 predicta
1006 4462 1043 4525 in
1065 4461 1235 4598 burgagio,
1261 4483 1324 4546 que
1348 4461 1457 4597 aptent
1479 4479 1680 4599 perannum
1706 4458 1793 4611 piltroa

335 4683 476 4749 Thomas
491 4682 623 4749 Cotsler
637 4684 679 4750 de
693 4686 810 4751 eadem
825 4686 970 4768 civitate,
986 4688 1021 4752 in
1037 4690 1197 4754 comitatu
1211 4686 1369 4771 predicto,
1383 4706 1515 4764 mercer,
1537 4688 1631 4749 tenet
1653 4690 1793 4769 quatuor

292 4772 457 4857 mesuagio
470 4773 506 4908 in
521 4773 655 4839 civitate
670 4775 815 4858 predicta
830 4776 866 4839 in
880 4775 1052 4861 burgagio,
1065 4798 1128 4863 que
1143 4776 1255 4842 valent
1269 4794 1463 4859 perannum
1478 4772 1566 4839 ultra
1581 4775 1742 4924 reprisus¹l
1762 4878 1779 4924 8

334 5010 498 5078 Johanues
512 5011 683 5097 Wrytbere
697 5014 736 5078 de
751 5013 863 5079 eadem
880 5015 1024 5095 civitate,
1047 5017 1083 5080 iu
1109 5018 1268 5083 comitatu
1293 5018 1450 5102 predicto,
1473 5014 1675 5095 merobaunt,
1700 5018 1793 5079 tenet

293 5102 553 5275 ppipmrppsuagia
581 5102 616 5165 iu
629 5102 789 5237 ‘civitate-
808 5104 954 5239 prediota
982 5106 1018 5169 in
1048 5105 1224 5243 burgagio,
1237 5128 1301 5191 que
1326 5105 1439 5241 valent
1466 5126 1525 5243 per
1554 5123 1676 5245 aunum
1705 5102 1793 5255 bh?

337 5342 493 5407 Ricardus
519 5342 619 5404 Holte
643 5341 682 5404 de
709 5340 864 5425 Oolryche
884 5342 981 5427 juxta
1009 5346 1142 5425 Aulton,
1170 5348 1206 5410 iu
1231 5345 1392 5410 comitatu
1417 5345 1575 5429 predicto,
1597 5345 1791 5430 gentilman‚

292 5430 444 5603 ἓξὲξ
470 5429 582 5563 eadem
605 5428 739 5567 civitate
762 5429 827 5563 duo
850 5432 1018 5567 mesuagia
1045 5434 1081 5570 in
1103 5434 1270 5569 burgagio,
1287 5433 1473 5575 qne-valent
1496 5453 1552 5569 per
1566 5452 1689 5569 anuum
1703 5431 1791 5587 rxalltpa
