4117 6200
270 643 334 708 438
891 633 1146 702 HERTFORD.
1274 675 1278 681 ·

314 927 411 1005 Item,
427 925 610 990 Willclmus
635 923 847 991 Dokesvorth
873 928 965 988 tenet
990 943 1047 989 un.
1074 925 1097 989 f.
1114 923 1211 987 min
1224 922 1375 992 wimer
1404 921 1512 989 Badra
1540 918 1582 984 de
1603 937 1681 1002 rege
1707 917 1765 983 i.c.

270 1015 355 1098 quod
370 1013 392 1078 J
393 1013 537 1078 ohannes
551 1014 591 1078 de
606 1013 638 1077 la
652 1013 744 1078 Mare
759 1012 921 1097 quondam
935 1013 1044 1076 tenuit
1058 1010 1194 1076 ibidem.

313 1153 412 1230 Item,
427 1153 541 1216 relicta
555 1121 717 1234 quondam
743 1149 902 1214 Johannis
918 1149 959 1214 de
974 1149 1058 1214 Veer
1071 1154 1164 1214 tenet
1188 1149 1233 1214 di.
1250 1149 1274 1214 i.
1290 1153 1324 1212 et
1347 1151 1497 1231 quartam
1524 1148 1650 1230 partem
1665 1163 1721 1208 un.
1738 1141 1763 1208 f.

268 1241 388 1391 ssidssrlrn
398 1241 585 1307 Kuuvrvrorv
600 1239 653 1304 ic.
668 1239 708 1302 de
735 1237 882 1302 Galfrido
906 1239 947 1301 de
973 1237 1048 1321 Say,
1062 1258 1126 1320 que
1152 1236 1305 1302 Matillda
1319 1234 1359 1300 de
1375 1235 1461 1299 Veer
1475 1232 1639 1319 quondam
1654 1230 1764 1297 tenuit

312 1465 410 1543 Item,
428 1463 577 1547 Nigellus
591 1463 631 1527 de
654 1463 780 1548 Loreng
805 1465 898 1528 tenet
920 1464 966 1529 di.
983 1463 1006 1528 i.
1024 1466 1058 1526 et
1084 1467 1234 1546 quartam
1261 1464 1389 1545 partem
1404 1460 1428 1527 f.
1444 1481 1489 1526 m.
1505 1461 1541 1523 in
1557 1457 1669 1522 eadem
1686 1455 1766 1520 villa

267 1553 323 1617 i.c.
340 1553 380 1616 de
394 1551 538 1635 predicto
555 1550 712 1629 tietfrido,
729 1570 792 1633 que
807 1551 1006 1615 Laurencius
1021 1549 1060 1613 de
1077 1549 1164 1614 Brok
1178 1548 1342 1634 quondam
1357 1549 1468 1613 tenuit
1482 1547 1620 1612 ibidem.

314 1691 411 1768 Item,
434 1689 595 1753 Robertus
609 1688 651 1753 de
672 1687 793 1754 Morlee
807 1689 927 1753 clamat
943 1685 1008 1776 [se]
1029 1665 1139 1752 tenere
1150 1687 1195 1754 di.
1212 1688 1235 1753 f.
1251 1693 1287 1751 et
1301 1691 1446 1751 octavam
1462 1690 1589 1770 partem
1604 1684 1628 1748 f.
1644 1702 1701 1748 un.
1717 1703 1764 1746 m.

270 1779 305 1840 in
321 1778 431 1840 eadem
447 1777 525 1840 villa
538 1777 592 1842 i.c.
609 1776 649 1840 de
671 1776 784 1840 eodem
806 1775 954 1840 (ialfrido
968 1797 1008 1840 ex
1031 1776 1221 1840 dimissione
1232 1774 1393 1840 Johannis
1404 1775 1507 1859 Legat
1518 1773 1559 1836 de
1571 1770 1766 1856 Langeleye‚

271 1885 333 1948 que
348 1865 493 1948 Rogerus
508 1863 652 1928 Wiscard
666 1863 829 1947 quondam
845 1864 954 1927 tenuit
969 1864 1005 1927 iu
1021 1864 1219 1930 Kunvrvuou.

314 2003 401 2065 Item
423 2001 580 2085 requireti
607 2000 746 2084 predicti
765 1999 937 2085 juratores,
955 2002 983 2064 si
1008 2002 1102 2082 plura
1126 2001 1221 2065 feoda
1237 1999 1289 2064 vel
1304 1999 1442 2084 parcelle
1456 1998 1624 2062 feodorum
1639 1995 1766 2058 suntin

270 2090 423 2172 predictis
448 2087 624 2152 hundredis
648 2088 691 2153 de
713 2087 916 2152 Bradevvater
939 2095 975 2152 et
1003 2089 1128 2152 Hicohe
1149 2089 1202 2152 vel
1231 2088 1268 2151 in
1292 2087 1493 2151 contermino
1522 2083 1766 2148 hundredorum

271 2176 503 2261 predictorum,
519 2195 582 2260 que
597 2175 638 2240 de
653 2196 730 2261 rege
745 2176 811 2239 sive
834 2172 889 2262 [de
903 2172 984 2263 alio]
1005 2179 1159 2241 tenentur
1172 2176 1209 2240 in
1224 2177 1343 2260 capite,
1359 2174 1475 2239 dicunt
1489 2171 1575 2258 quod
1589 2190 1666 2236 non.

314 2314 354 2377 In
371 2313 464 2397 cujus
478 2313 525 2378 rei
541 2313 776 2394 testimonium,
790 2317 853 2380 etc.

727 2739 909 2810 eassur
937 2738 1002 2830 [ee]
1032 2741 1287 2811 nnsrsoan.

313 2911 335 2981 J
336 2919 476 2980 ohannes
497 2913 584 2979 filius
600 2911 749 2999 Hugonis
770 2914 916 2980 Peverell
939 2920 1091 2981 oneratur
1106 2916 1147 2981 de
1162 2939 1189 2982 c.
1200 2940 1227 2983 r.
1243 2938 1301 3000 pro
1315 2917 1434 2980 relevio
1450 2935 1507 2979 suo
1529 2914 1571 2979 de
1585 2933 1650 2979 uno
1672 2912 1767 2978 feodo

269 3007 305 3067 in
329 3005 514 3082 Osrrunvs,
530 3003 566 3066 in
580 3003 739 3066 comitatu
760 3001 906 3081 Essem,
921 3004 961 3067 de
982 3002 1104 3068 honore
1123 3005 1291 3070 Peverelli.
1337 3005 1378 3068 In
1393 3001 1609 3068 memorandis
1623 3001 1665 3065 de
1679 3019 1768 3065 anuo

271 3091 383 3175 xxxjv.
430 3090 598 3158 Michaelis
612 3089 704 3157 fines.

610 3290 663 3357 Da
685 3311 836 3359 raueoaa
859 3312 956 3359 ancre
978 3292 1020 3359 Ε.
1044 3313 1128 3359 rmrr
1150 3313 1248 3361 anau
1271 3294 1430 3361 Haumor.

315 3431 480 3496 Johannes
508 3429 616 3495 Nevill
647 3430 735 3494 filius
763 3436 798 3495 et
826 3430 921 3495 heres
935 3431 1072 3496 Walten‘
1098 3432 1138 3498 de
1163 3432 1271 3497 Nevill
1294 3436 1409 3497 tenens
1434 3452 1537 3496 unum
1569 3428 1701 3494 feodum
1724 3427 1767 3492 de

271 3517 389 3583 herede
404 3518 562 3581 Willelmi
587 3517 699 3601 Cuvyn
725 3518 765 3581 de
778 3518 946 3598 Waleden,
973 3520 1059 3584 infra
1084 3526 1208 3585 etatem
1235 3520 1326 3584 etin
1350 3520 1498 3584 custodia
1511 3518 1598 3603 regis
1611 3518 1767 3594 existens,

272 3610 423 3669 oneratur
449 3606 488 3669 de
503 3626 568 3670 cs.
592 3624 649 3688 pro
663 3606 783 3669 relevio
799 3626 856 3670 suo
881 3627 939 3689 pro
954 3627 1010 3673 un.
1026 3607 1050 3673 f.
1067 3608 1101 3671 in
1117 3608 1289 3676 Wanenarv
1315 3608 1432 3676 Rsors.
1479 3607 1522 3669 In
1549 3603 1767 3669 memorandis

272 3693 312 3758 de
327 3712 413 3755 ωηο
427 3701 505 3771 xv⁰‚
522 3692 661 3757 termino
678 3691 811 3758 Pasche.

315 3828 459 3913 Rogems
489 3826 639 3912 Baynard
667 3834 818 3893 oneratur
847 3828 887 3894 de
916 3829 1018 3915 vijli.
1049 3854 1119 3898 ne.
1151 3853 1209 3916 pro
1234 3832 1353 3898 lelevio
1379 3832 1454 3919 (ric)
1478 3851 1536 3899 un.
1551 3831 1575 3896 i.
1592 3835 1627 3894 et
1640 3830 1687 3895 di.
1702 3850 1768 3914 que

272 3921 363 3981 tenet
380 3918 420 3980 de
436 3936 514 4001 rege
528 3916 581 3981 i.c.
598 3915 639 3980 de
653 3916 770 3980 honore
784 3917 826 3981 de
840 3916 981 4003 Reymes
994 3920 1029 3983 in
1045 3920 1298 3988 Tennasnnurn.
1342 3920 1383 3983 In
1399 3918 1615 3986 memorandis
1629 3917 1670 3983 de
1681 3938 1768 3982 anno

272 4004 354 4088 xvij⁰
369 4053 378 4085 ‚
394 4004 535 4068 termino
550 4002 730 4070 Michaelis.

314 4140 474 4204 Robertus
487 4138 527 4204 de
542 4139 714 4219 Rumbald‚
726 4140 784 4223 qui
798 4138 916 4204 habuit
930 4142 966 4204 in
980 4162 1113 4206 uxorem
1125 4141 1282 4223 sibillam,
1296 4161 1435 4207 sororem
1444 4147 1480 4206 et
1493 4161 1594 4206 unam
1607 4138 1767 4205 heredum

272 4226 364 4291 Petri
380 4228 421 4291 de
435 4226 585 4306 Besevill,
600 4231 752 4291 oneratur
765 4226 805 4291 de
820 4248 847 4293 c.
859 4248 886 4293 a.
902 4249 959 4312 pro
973 4229 1091 4293 relevio
1106 4250 1163 4295 suo
1185 4251 1244 4314 pro
1258 4251 1314 4296 un.
1330 4230 1354 4295 f.
1370 4230 1458 4314 quod
1477 4229 1594 4294 Petrus
1607 4230 1716 4293 tenuit
1729 4229 1767 4291 in

276 4316 486 4382 Senmunoan
498 4316 579 4394 (sic).
626 4314 666 4378 In
680 4316 896 4380 memorandis
911 4316 952 4380 de
966 4338 1052 4381 anno
1066 4317 1147 4402 xvij⁰
1160 4362 1170 4395 ‚
1185 4320 1325 4383 termino
1340 4318 1484 4384 Hillarii.

315 4448 503 4536 Amulphus
518 4450 559 4514 de
581 4450 783 4534 Mountenay
799 4456 952 4516 oneratur
973 4452 1014 4517 de
1028 4474 1102 4519 xxv.
1113 4474 1139 4519 e.
1155 4474 1213 4537 pro
1228 4459 1343 4539 quarta
1364 4464 1458 4537 parte
1472 4473 1530 4518 un.
1545 4454 1569 4519 l.
1586 4452 1626 4517 de
1648 4452 1768 4515 honore

274 4538 418 4604 Bononie
432 4540 467 4602 in
483 4536 675 4604 Hnnrnnsu.
722 4538 761 4601 In
777 4540 992 4604 memorandis
1006 4541 1047 4605 de
1060 4561 1145 4605 anno
1160 4541 1254 4626 xviij⁰
1267 4589 1277 4621 ,
1292 4543 1431 4607 termino
1446 4538 1628 4607 Michaelis.

316 4676 461 4760 Rogerus
475 4674 516 4738 de
539 4674 621 4738 Gras
636 4679 788 4739 oneratur
810 4674 850 4739 de
864 4676 977 4759 miij.
987 4700 1014 4742 a.
1031 4676 1091 4761 iiij.
1104 4679 1137 4743 d.
1153 4677 1193 4742 de
1209 4679 1329 4743 relevio
1349 4699 1407 4743 suo
1433 4678 1473 4743 de
1488 4678 1588 4743 tercia
1603 4681 1694 4761 parte
1708 4696 1765 4742 un.

273 4764 296 4829 l.
313 4766 349 4828 in
365 4764 474 4830 Panvs
487 4762 664 4829 Banavvnr.
709 4762 749 4826 Iu
766 4764 983 4827 memorandis
998 4764 1040 4828 de
1055 4784 1140 4829 anno
1155 4766 1330 4849 tricesimo,
1346 4766 1489 4830 termino
1504 4763 1687 4833 Michaelis.

315 4899 511 4966 Malculmus
540 4898 580 4962 de
611 4896 704 4962 Bello
733 4898 871 4963 Marisco
900 4904 1051 4964 oneratur
1075 4901 1114 4965 de
1140 4903 1217 4968 nli.
1233 4924 1291 4986 pro
1316 4903 1434 4967 relevio
1460 4922 1517 4966 suo
1541 4921 1599 4985 pro
1621 4899 1658 4985 ij.
1683 4899 1707 4964 f.
1730 4901 1768 4963 in

272 4990 451 5142 {anauga
463 4992 514 5051 eet
528 4984 623 5049 miles
641 4986 767 5065 (rectius
784 4986 963 5067 Sannaus),
977 4988 1013 5051 in
1028 4991 1245 5054 memorandis
1259 4989 1301 5054 de
1322 5010 1408 5054 auno
1429 4991 1605 5067 tricesimo,
1625 4988 1768 5051 termino

315 5214 454 5279 Thomas
480 5212 639 5297 Baynard,
657 5210 746 5275 heres
769 5210 890 5296 Rogen'
917 5213 1078 5299 Baynard,
1094 5223 1245 5281 oneratur
1269 5217 1310 5282 de
1325 5215 1540 5299 viii.li.xV.a.
1565 5235 1623 5299 pro
1647 5215 1767 5279 relevio

272 5323 340 5381 suo,
353 5323 411 5386 pro
425 5321 481 5367 un.
497 5299 520 5365 f.
537 5306 571 5365 et
586 5298 631 5363 di.
648 5298 682 5360 in
698 5298 869 5377 Mnssrrvo,
883 5303 918 5365 et
941 5308 1056 5385 quarta
1081 5309 1172 5388 parte
1194 5325 1252 5370 un.
1268 5305 1292 5370 f.
1309 5306 1345 5369 in
1368 5306 1517 5372 Burnus.
1563 5303 1604 5366 In
1629 5321 1767 5365 memor·

271 5391 364 5454 andis
378 5410 463 5454 anno
478 5399 553 5452 11¹⁰
566 5433 576 5465 ‚
590 5386 731 5450 termino
746 5384 877 5450 Pasche.

678 5498 919 5507 ffi—--n--m
1254 5507 1333 5512 .,—.

928 5540 940 5563 ⁸
950 5502 1172 5599 saepsisse*
