4117 6200
908 621 991 699 al).
1017 622 1112 688 llas.
1697 625 1765 691 208.

303 912 447 976 Ecclesia
461 912 503 976 de
519 913 661 981 omos.
707 910 829 991 Nichil,
844 912 922 996 quia
943 908 1039 998 [nou]
1069 917 1147 976 sunt
1168 911 1279 977 decem
1303 931 1438 995 persons
1461 912 1695 990 inhabitantes,
1720 915 1756 976 et

257 998 422 1064 domicilia
436 1005 597 1080 tenentes,
613 1016 710 1085 prout
723 1005 814 1083 patet
830 1019 888 1083 per
905 1000 1153 1082 inquisicionem
1169 1000 1360 1084 predictam.

299 1137 442 1201 Ecclesia
467 1139 507 1203 de
533 1139 688 1205 Tanauax
712 1144 841 1201 taxatur
866 1137 906 1201 ab
921 1138 1057 1221 antiquo
1071 1158 1133 1203 cs.
1150 1139 1257 1220 porcio
1282 1137 1404 1202 ibidem
1430 1160 1460 1203 x.
1468 1160 1494 1203 s.
1539 1134 1662 1217 Nichil,
1677 1139 1754 1221 quia

262 1221 358 1310 [nou]
380 1230 458 1289 sunt
472 1228 585 1290 decem
603 1246 737 1309 persone
760 1223 992 1304 inhabitantes,
1018 1231 1055 1290 et
1080 1226 1245 1290 domicilia
1272 1230 1434 1305 tenentes,
1463 1232 1559 1310 prout
1582 1230 1672 1309 patet
1699 1246 1755 1309 per

255 1312 504 1396 inquisicionem
519 1315 711 1397 predictam.

297 1450 442 1514 Ecclesia
464 1452 505 1514 de
534 1452 678 1518 Gunusu
702 1453 810 1517 quvx
837 1456 967 1515 taxatur
992 1452 1034 1514 ab
1056 1451 1191 1534 antiquo
1206 1473 1233 1515 c.
1246 1471 1271 1515 s.
1319 1449 1439 1529 Nichil,
1454 1450 1532 1534 quia
1554 1447 1649 1537 [nou]
1671 1454 1750 1515 sunt

256 1535 456 1709 {Zdffioge
480 1536 715 1618 inhabitantes,
738 1545 771 1603 et
798 1538 963 1602 domicilia
988 1543 1150 1617 tenentes,
1175 1544 1271 1622 prout
1297 1545 1391 1621 patet
1417 1559 1475 1622 per
1498 1539 1751 1623 inquisicionem

259 1792 266 1805 ·
296 1763 449 1866 39⁰¹⁰⁸lt
468 1764 508 1916 dle
537 1764 722 1831 Baccarus
752 1765 858 1834 Sruou
884 1769 1018 1828 taxatur
1047 1763 1089 1828 ab
1118 1765 1254 1847 antiquo
1285 1786 1334 1830 xx.
1363 1784 1497 1829 marcas.
1546 1762 1748 1842 Subsidium,

259 1871 377 1933 xva.s.
394 1872 463 1936 vuJ.
496 1903 503 1918 .

298 1988 343 2051 Et
357 1994 531 2054 onerantur
542 2010 636 2073 super
655 1993 843 2073 compotum
858 1990 900 2053 de
915 1990 964 2071 iij.
974 2010 1001 2055 s.
1019 2011 1050 2056 x.
1061 1986 1095 2055 d.
1112 1990 1152 2054 de
1167 1989 1310 2053 subsidio
1325 1990 1361 2074 ij.
1374 1990 1563 2075 poroiouum
1578 1986 1708 2072 xxxviij.
1718 2007 1746 2056 s.

255 2074 358 2160 iiij.d.
385 2098 464 2161 quas
479 2079 566 2162 prior
581 2075 809 2140 monachorum
825 2078 865 2141 ds
881 2076 1020 2154 Tefford,
1036 2084 1071 2141 et
1086 2078 1172 2161 prior
1187 2078 1227 2141 de
1247 2075 1358 2158 Stoke,
1374 2078 1548 2162 separatim
1565 2076 1751 2162 percipiunt

255 2163 291 2225 iu
305 2165 428 2241 eadem,
438 2165 535 2249 juxta
549 2165 699 2243 formam,
714 2163 772 2229 dcc.

300 2300 435 2368 Summa
461 2302 686 2387 parochiarum
708 2326 739 2369 x.
766 2323 890 2367 marcas
913 2306 946 2366 et
970 2303 1057 2367 ultra
1093 2323 1214 2369 ccccxx.
1240 2300 1277 2369 li.
1304 2302 1385 2383 vis.
1413 2302 1482 2389 viij.
1495 2301 1528 2371 cl.
1589 2304 1677 2368 Item
1706 2301 1750 2387 xj.
1854 2364 1857 2371 .

256 2388 404 2471 parochie
419 2389 504 2454 inira
520 2412 550 2457 x.
566 2411 701 2457 marcas.

604 2528 738 2596 Summa
752 2528 887 2592 subsidii
902 2528 965 2594 xlv.
979 2525 1017 2593 u‘.
1035 2527 1103 2613 xiiij
1108 2549 1150 2595 .s.

603 2667 740 2735 Summa
755 2666 957 2751 superoneris
971 2666 1034 2751 iiij.
1051 2662 1088 2732 lt.
1105 2663 1209 2750 iiij.d.
1225 2665 1277 2735 cb.
1294 2666 1339 2750 q‘.

731 2965 951 3031 Huuuaauurr
975 2985 1018 3030 us
1040 2964 1280 3033 WALTHAM.

297 3132 440 3198 Ecclesia
455 3134 496 3197 de
511 3134 683 3200 qurnsu
700 3136 828 3197 taxatur
843 3134 883 3197 de
897 3154 981 3198 novo
995 3156 1046 3199 xx.
1063 3131 1102 3200 ls'.
1150 3133 1349 3211 Subsidium,
1364 3133 1440 3218 vj.s.
1457 3134 1513 3219 viij
1524 3133 1567 3200 ul.

294 3272 437 3335 Ecclesia
452 3272 490 3334 de
503 3272 727 3338 Curuucsouu
743 3275 873 3335 taxatur
883 3271 923 3335 ab
935 3273 1071 3354 antiquo
1087 3271 1130 3336 ix.
1144 3291 1277 3336 marcas.
1325 3271 1526 3351 Subsidium,
1541 3271 1583 3356 vj.
1592 3293 1618 3338 a.
1632 3273 1701 3357 viij.
1710 3271 1744 3340 d.

296 3407 442 3473 Ecclesia
457 3409 497 3474 de
512 3411 692 3476 Emmaus
708 3413 839 3473 taxatur
853 3410 893 3473 de
908 3428 990 3473 novo
1006 3432 1037 3475 x.
1053 3429 1186 3474 marcas.
1236 3409 1435 3487 Subsidium,
1451 3409 1493 3494 vj.
1506 3430 1534 3477 s.
1551 3410 1620 3496 viij.
1631 3411 1664 3477 d.

296 3546 440 3612 Ecclesia
455 3549 495 3612 de
510 3549 687 3616 Nssxuscu
704 3551 834 3612 taxatur
849 3549 889 3611 de
905 3568 986 3611 novo
1001 3571 1031 3613 x.
1049 3568 1182 3614 marcas.
1230 3547 1432 3628 Subsidium,
1446 3548 1490 3632 vj.
1500 3568 1527 3616 s.
1544 3549 1614 3634 viij.
1625 3547 1659 3616 d.

720 3848 940 3914 Huuuuuuuu
963 3867 1006 3912 ua
1030 3813 1269 3914 Hanqu.

292 4014 434 4080 Ecclesia
447 4019 486 4082 de
501 4017 670 4082 Huxust
686 4018 817 4078 taxatur
826 4015 867 4078 ab
881 4015 1015 4098 antiquo
1030 4035 1081 4079 xx.
1095 4033 1228 4077 marcas.
1278 4013 1480 4096 Subsidium,
1495 4015 1578 4101 xxvj.
1589 4037 1616 4084 s.
1630 4019 1699 4105 viij.
1712 4018 1748 4089 d.

293 4152 338 4216 Et
361 4160 536 4218 onerantur
562 4174 656 4239 super
681 4158 868 4237 compotum
892 4153 932 4216 de
960 4152 1015 4236 xij.
1034 4150 1068 4218 d.
1091 4153 1131 4216 de
1154 4151 1296 4215 subsidio
1318 4151 1485 4236 cujusdam
1501 4156 1662 4238 porcionis
1678 4181 1708 4225 x.
1718 4181 1746 4228 s.

248 4260 345 4322 quam
361 4239 488 4329 [abbas]
508 4243 620 4323 Sancti
635 4240 752 4305 Albani
767 4241 905 4325 percipit
919 4241 954 4302 iu
969 4240 1095 4317 mdem,
1101 4239 1199 4322 juxta
1209 4238 1346 4303 formam
1363 4244 1576 4307 concessionis
1591 4246 1746 4328 predicte.

291 4378 436 4445 Ecclesia
450 4382 491 4444 de
507 4382 688 4447 qussnua
704 4381 809 4446 Rucrs
826 4382 955 4443 taxatur
971 4379 1011 4441 ab
1026 4377 1163 4460 antiquo
1178 4399 1248 4443 xxx.
1265 4398 1399 4444 urucas.
1448 4379 1648 4465 Subsidium,
1663 4383 1705 4450 xl.
1718 4405 1745 4450 a.

290 4516 419 4581 Vicaria
435 4518 579 4602 ejusdem
594 4523 723 4583 taxatur
737 4518 779 4582 ab
793 4518 929 4600 antiquo
944 4516 1001 4601 vij.
1019 4537 1152 4582 marcas.
1201 4516 1402 4597 Subsidium,
1417 4519 1498 4586 ix.s.
1515 4519 1621 4606 iiijd.
1685 4573 1691 4582 .

290 4654 333 4718 Et
347 4660 519 4718 onerantur
533 4659 823 4739 supercompotum
838 4656 879 4718 de
893 4677 923 4720 x.
934 4674 961 4718 a.
976 4653 1019 4718 de
1035 4653 1189 4731 subsidio,
1200 4654 1372 4738 cujusdam
1388 4657 1546 4740 porcionis
1563 4678 1591 4725 c.
1603 4678 1629 4726 a.
1646 4681 1744 4743 quam

245 4741 332 4822 prior
349 4742 462 4811 Sancti
479 4741 647 4826 Botulphi,
662 4742 853 4817 colecestre,
868 4742 1005 4826 percipit
1019 4742 1055 4804 in
1070 4741 1194 4820 eadem,
1205 4741 1300 4826 juxta
1314 4742 1462 4823 formam,
1476 4742 1535 4814 dcc.

288 4878 434 4944 Ecclesia
448 4881 489 4946 de
504 4882 626 4950 uram
641 4881 898 4976 ‚Hammsuuax
911 4883 1041 4944 taxatur
1063 4879 1103 4944 ab
1125 4880 1262 4966 antiquo
1276 4881 1346 4967 viij.
1362 4903 1498 4953 marcas.
1545 4885 1746 4966 Subsidium.

128 5032 138 5043 ‚
247 4963 325 5047 vj.r.
343 4965 454 5051 viijc.

288 5103 332 5170 Et
345 5110 521 5170 onerantur
536 5128 633 5179 super
655 5112 843 5189 compotum
866 5107 907 5168 de
931 5125 994 5170 x.s.
1020 5102 1131 5187 viij.d.
1158 5105 1199 5168 de
1226 5106 1369 5171 subsidio
1392 5107 1561 5193 enjusdam
1587 5113 1746 5194 porcionis

248 5209 277 5253 v.
293 5210 485 5271 marcarum,
497 5214 595 5278 quam
610 5193 708 5258 abbas
719 5193 897 5258 colecestre
912 5192 1050 5275 percipit
1067 5193 1100 5254 iu
1110 5191 1234 5272 eadem,
1246 5214 1303 5277 pro
1317 5215 1355 5257 eo
1369 5197 1456 5279 quod
1471 5199 1598 5261 taxaeio
1613 5198 1746 5264 ecclesie

246 5279 400 5360 predicte,
411 5301 486 5343 cum
502 5282 651 5364 porcione
666 5281 822 5364 predicta,
831 5280 958 5343 excedit
973 5298 1135 5342 summam
1150 5301 1180 5344 x.
1191 5299 1382 5364 marcarum,
1389 5281 1485 5365 juxta
1496 5283 1642 5364 formam,
1656 5282 1714 5353 dtu.

289 5415 432 5482 Ecclesia
448 5419 487 5482 de
515 5419 625 5486 Psavx
646 5420 898 5495 Hxnnrucuuax
922 5422 1052 5480 taxatur
1079 5417 1271 5502 abantiquo
1287 5419 1343 5502 vij.
1362 5440 1496 5486 marcas.
1544 5421 1731 5486 Subsidium
1840 5411 1846 5422 ’

251 5501 324 5585 vj.s.
341 5503 453 5588 virj.d.
