4117 6200
971 628 1055 697 Ab.
1080 632 1177 698 1428.
1750 636 1812 699 211

314 923 506 988 taxabantur
540 921 619 1011 [non
655 922 862 1007 respondent,
883 942 922 986 eo
950 922 1037 1007 quod
1073 923 1255 988 collectores
1284 923 1422 1007 predicti
1459 924 1586 989 nullum
1624 923 1809 992 habueruut

314 1017 508 1076 warrantum
530 1011 572 1075 ad
593 1010 724 1095 aliquod
751 1010 931 1075 subsidium
954 1010 994 1075 de
1015 1011 1215 1087 porcionibus
1231 1011 1385 1095 predictis
1399 1012 1583 1093 levandum,
1599 1035 1656 1098 pro
1671 1034 1708 1079 eo
1722 1014 1809 1098 quod

315 1119 461 1182 expressa
474 1099 602 1163 mencio
616 1098 657 1163 de
670 1097 834 1180 aliquibus
848 1098 1052 1182 porcionibus
1066 1098 1101 1161 in
1115 1097 1220 1161 literis
1234 1099 1319 1181 regis
1333 1099 1521 1181 patentibus
1543 1100 1582 1163 de
1604 1105 1807 1167 concessione

314 1186 448 1249 subsidii
476 1186 652 1270 supradicti
667 1185 802 1270 prelatis
815 1184 1038 1249 collectoribus
1053 1184 1183 1249 directis
1202 1186 1388 1249 nullatenus
1402 1184 1540 1251 habetur
1560 1208 1620 1251 uec
1642 1188 1723 1252 dicti
1745 1191 1810 1253 col·

313 1272 446 1337 lectores
479 1273 608 1357 aliquod
642 1273 821 1337 subsidium
855 1272 895 1335 de
923 1272 1126 1356 porcionibus
1157 1272 1309 1356 predictis
1339 1274 1538 1351 levaverunt,
1567 1294 1625 1338 nec
1652 1276 1807 1341 levavisse

312 1365 496 1443 potuerunt,
510 1366 549 1424 ut
563 1361 677 1424 dicunt
691 1380 786 1442 super
801 1365 1037 1424 sacramentum
1060 1378 1154 1423 suum
1177 1358 1348 1446 cunceliocl]
1366 1361 1530 1439 videlicet,
1550 1362 1589 1425 de
1611 1362 1808 1445 quibuslibet

312 1469 344 1513 x.
359 1449 476 1512 mmcis
489 1467 681 1532 perannum
697 1446 764 1531 xiij.
779 1467 806 1511 s.
821 1446 881 1527 iiij.
899 1446 932 1510 d.
947 1452 982 1511 et
996 1447 1043 1511 sic
1057 1448 1341 1530 proporcioualiter
1358 1447 1455 1530 juxta
1476 1454 1580 1512 ratam
1602 1456 1677 1513 taxe
1701 1450 1751 1534 cuj
1756 1472 1808 1513 us·

311 1533 393 1599 libet
408 1535 484 1599 talis
498 1535 656 1619 porcionis
669 1536 761 1619 prius
775 1535 861 1598 facte
875 1533 1040 1617 perbreve
1055 1534 1237 1617 predictum
1256 1533 1503 1621 [substituisti]

571 1693 705 1759 Summa
720 1694 856 1760 subsidii
871 1695 1060 1779 porcionnm
1077 1694 1158 1780 xiiij.
1174 1692 1213 1765 li.
1230 1715 1260 1761 v.
1268 1718 1295 1763 a.
1312 1696 1356 1762 ix.
1366 1694 1399 1761 d.
1414 1697 1464 1761 ob.
1475 1702 1519 1781 q'.

361 1831 444 1919 [Nec
466 1831 661 1916 respondent
682 1831 724 1897 de
747 1835 855 1919 aliquo
878 1830 1049 1918 cancelied]
1078 1831 1121 1896 Et
1136 1836 1308 1898 onerantur
1329 1854 1423 1918 super
1444 1842 1630 1917 compotum
1655 1836 1696 1901 de
1722 1859 1751 1903 x.
1769 1836 1807 1905 li.

310 1920 412 2004 vilja.
427 1919 512 1985 ind.
527 1922 579 1986 ob.
597 1928 642 2002 q·.
667 1921 708 1985 de
724 1918 954 2007 [substituisti]
976 1920 1118 1984 subsidio
1136 1920 1325 2005 contigente
1345 1921 1486 1986 diversas
1507 1924 1674 1999 pensiones
1697 1944 1808 2008 supra·

309 2008 425 2084 dictas,
439 2028 519 2089 quas
534 2007 650 2073 diversi
666 2010 728 2071 viri
742 2009 884 2093 religiosi
898 2013 931 2071 et
953 2007 1012 2071 alii
1037 2008 1207 2071 annuatim
1233 2009 1418 2091 percipiunt
1439 2008 1480 2073 de
1503 2008 1638 2073 diversis
1663 2012 1807 2076 ecclesiis

309 2094 502 2179 supradictis
525 2095 611 2159 inira
632 2096 825 2160 comitatum
856 2094 1050 2179 predictum,
1084 2114 1146 2178 que
1171 2094 1212 2157 ad
1237 2095 1398 2180 iiij¹¹xviij
1424 2094 1462 2159 li.
1489 2097 1587 2163 xixa.
1613 2097 1725 2182 viij.cl.
1751 2118 1808 2181 per

309 2202 431 2246 annum
444 2183 529 2247 inter
544 2203 578 2247 se
593 2183 633 2247 ab
647 2182 784 2266 antiquo
798 2182 994 2247 taxabantur
1015 2178 1068 2267 [eo
1083 2182 1168 2264 quod
1190 2182 1374 2246 collectores
1397 2182 1536 2266 predicti
1557 2184 1685 2249 nullum
1707 2186 1807 2251 habu-

309 2276 405 2334 erunt
420 2274 613 2334 warrantum
627 2271 669 2335 ad
683 2270 815 2353 aliquod
830 2269 1009 2334 subsidium
1025 2269 1067 2332 de
1082 2268 1291 2351 pensionibus
1307 2270 1463 2353 predictis
1485 2270 1670 2351 levandum,
1683 2293 1741 2351 pro
1756 2292 1805 2353 eo,

308 2358 392 2441 quod
404 2378 478 2422 vera
491 2359 616 2421 mencio
631 2357 672 2421 de
686 2357 847 2440 aliquibus
861 2355 1070 2440 pensionibus
1084 2358 1120 2419 in
1134 2356 1239 2418 literis
1253 2358 1337 2440 regis
1353 2357 1539 2439 patentibus
1553 2358 1592 2422 de
1607 2362 1806 2425 concessione

308 2443 442 2509 subsidii
457 2444 633 2528 supradicti
657 2444 789 2529 prefatis
810 2441 1034 2508 collectoribus
1059 2442 1190 2506 directis
1214 2443 1399 2507 nullatenus
1422 2450 1637 2523 expressatur,
1650 2465 1709 2510 nec
1724 2447 1806 2511 dicti

307 2532 490 2596 collectores
504 2532 633 2615 aliquod
649 2531 829 2596 subsidium
843 2531 885 2595 de
898 2528 1108 2613 pensionibus
1122 2528 1276 2614 predictis
1291 2531 1491 2610 levaverunt,
1502 2551 1563 2595 nec
1577 2533 1696 2597 levasse
1710 2539 1807 2617 potu·

307 2624 402 2683 munt
424 2624 463 2683 ut
486 2620 602 2683 dicunt
625 2639 721 2702 super
742 2623 977 2682 sacramentum
999 2637 1094 2681 suum
1120 2615 1290 2702 cancellid]
1316 2616 1467 2682 videlicet
1488 2618 1527 2681 de
1550 2620 1746 2703 quibuslibet
1774 2643 1804 2689 x.

307 2707 421 2770 marcis
435 2726 628 2789 perannum
643 2706 743 2790 xiij.s.
767 2703 871 2790 iiijd.
894 2709 928 2769 et
943 2706 987 2768 sic
1002 2704 1285 2789 proporcionaliter
1302 2704 1398 2789 juxta
1412 2711 1516 2770 ratam
1531 2712 1606 2771 taxe
1630 2706 1803 2792 cujuslibet

307 2793 381 2857 talis
395 2794 560 2878 pensionis
574 2795 663 2878 prins
678 2794 763 2857 tacte
777 2814 833 2877 per
854 2792 947 2857 breve
961 2791 1144 2877 predictum
1167 2788 1413 2878 [substituisti]

561 2930 697 2996 Summa
711 2929 848 2995 subsidii
863 2930 1131 3014 pensionum-x.
1148 2924 1187 2995 li.
1204 2927 1306 3014 vilja.
1323 2924 1407 2995 ixei.
1423 2930 1473 2994 ob.
1490 2937 1536 3015 (Γ.

1008 3229 1103 3294 Unde

348 3393 417 3437 xxx.
434 3368 471 3436 li.
486 3371 564 3438 vis.
589 3368 699 3454 viijd.
716 3369 756 3433 de
779 3367 920 3432 subsidio
941 3365 1066 3452 iiij¹¹xj.
1091 3363 1327 3448 parochiarum,
1340 3385 1477 3450 quarum
1501 3368 1646 3451 quelibet
1669 3371 1804 3436 ecclesia

305 3460 433 3523 taxatur
448 3458 531 3522 infra
545 3477 705 3521 summam
720 3478 751 3522 x.
767 3474 957 3520 marcarum.

307 3594 311 3599 ’
347 3595 444 3680 cccvj.
462 3594 500 3661 li.
525 3595 621 3667 iiiia.
644 3592 731 3678 vj.cl.
762 3593 804 3656 de
830 3591 972 3656 subsidio
998 3586 1232 3676 parochiarum,
1259 3609 1396 3675 quarum
1424 3593 1555 3657 ecclesie
1580 3599 1735 3660 taxantur
1761 3595 1801 3660 ad

304 3702 463 3748 summam
477 3705 508 3748 x.
524 3701 716 3760 marcarum,
729 3701 792 3764 qne
805 3681 978 3763 attingunt
991 3678 1033 3744 ad
1049 3679 1249 3743 taxacionem
1265 3675 1459 3763 m¹m¹m¹lxij.
1477 3678 1515 3746 li.
1533 3702 1597 3748 us.
1615 3691 1648 3747 et
1663 3683 1758 3748 ultra.

345 3817 451 3903 liiija.
477 3814 588 3902 viij.d.
616 3816 656 3881 de
693 3816 835 3881 subsidio
859 3813 1083 3897 parochiarum
1108 3814 1193 3879 inira
1228 3815 1367 3901 burgum
1396 3817 1437 3880 de
1464 3815 1635 3902 Colcestm,
1663 3839 1801 3904 quarum

304 3905 437 3970 ecclesis
450 3909 603 3969 taxantur
617 3905 659 3968 ad
674 3923 835 3970 summam
850 3925 935 3972 xxc.
952 3907 988 3967 et
1001 3903 1099 3970 ultra.

345 4043 429 4128 xiiij.
445 4039 482 4109 li.
499 4062 563 4109 aa.
579 4040 684 4126 iiijd.
700 4041 751 4109 ob.
768 4050 810 4126 q·-
836 4040 877 4105 de
893 4059 1083 4124 superonere
1097 4038 1232 4104 subsidii
1246 4042 1447 4123 porcionum.

345 4203 375 4248 x.
392 4179 419 4247 li
434 4182 537 4267 viija.
553 4179 637 4249 ixii.
653 4181 705 4246 ob.
722 4189 757 4264 q·
771 4180 811 4246 de
825 4198 1015 4265 superonere
1031 4178 1167 4242 subsidii
1184 4179 1386 4262 pensionum.

757 4587 976 4654 Huununnuu
999 4607 1043 4652 na
1066 4583 1349 4653 ROCHEFORD.

342 4755 391 4820 De
405 4754 511 4832 Anna
524 4752 690 4818 comitissa
704 4751 888 4834 Staffordie,
902 4772 960 4836 pro
975 4769 1032 4816 un.
1048 4749 1072 4817 f.
1088 4769 1132 4818 m.
1157 4749 1193 4813 in
1219 4749 1341 4817 Maure
1363 4749 1565 4830 Wrxunxuu‚
1592 4752 1677 4835 quod
1698 4753 1796 4841 Hugo

303 4839 429 4908 Neville
444 4841 608 4926 quondam
621 4841 729 4906 tenuit
809 4877 1543 4892 ------
1587 4841 1665 4924 vj.a.
1682 4841 1793 4928 viijd.

341 4979 390 5045 De
412 4978 563 5045 iohanne
585 4978 754 5044 Doreward
777 4998 835 5062 pro
849 4997 904 5043 un.
921 4977 944 5043 f.
960 4976 996 5040 in
1020 4977 1191 5056 Rauenna,
1210 4975 1295 5058 quod
1317 4974 1432 5040 Petrus
1458 4975 1640 5043 chaumont
1669 4983 1794 5059 (rectius

301 5063 478 5146 Ghauvent)
497 5066 660 5150 quondam
674 5066 783 5130 tenuit
806 5102 1539 5117 ------
1584 5065 1628 5150 vj.
1638 5090 1665 5132 a.
1681 5066 1792 5152 viijd.

339 5205 389 5270 De
414 5204 557 5269 Roberto
581 5203 687 5289 Darcy
710 5206 801 5268 tenet
832 5200 909 5289 (sic)
938 5206 1003 5266 tres
1032 5203 1142 5285 partes
1172 5221 1227 5265 un.
1258 5200 1283 5266 i.
1314 5218 1393 5284 quas
1422 5199 1572 5265 lohanna
1603 5200 1792 5268 Chaunceus

300 5293 462 5372 quondam
476 5292 588 5356 tenuit
662 5331 674 5344 -
806 5329 818 5342 -
1527 5327 1539 5340 ·
1671 5313 1792 5356 ·v.s.
1878 5353 1881 5360 .

339 5429 388 5493 De
423 5429 555 5493 domino
589 5428 630 5494 de
658 5425 816 5511 Berkeley
843 5445 902 5509 pro
927 5445 983 5491 un.
1009 5424 1033 5491 l.
1058 5425 1094 5488 in
1126 5425 1332 5504 rurscam,
1357 5423 1444 5508 quod
1473 5423 1639 5489 comitissa
1669 5423 1791 5489 Oxonie

301 5516 589 5601 quondamtenuit
664 5555 675 5567 -
762 5593 766 5600 .
808 5553 819 5564 -
952 5552 963 5564 ·
1097 5552 1107 5564 -
1385 5551 1395 5564 -
1529 5550 1539 5562 -
1584 5511 1628 5597 vj.
1645 5511 1791 5596 aviijd.
