4117 6200
950 608 1032 675 al).
1059 612 1153 675 1428.

343 900 472 963 Vicaria
486 898 633 985 ejusdem
648 903 779 964 laxatur
793 900 834 963 ab
848 901 983 983 antiquo
997 899 1068 985 viij.
1085 920 1218 965 marcas.
1267 898 1467 978 Subsidium,
1489 920 1519 965 x.
1530 919 1557 965 s.
1585 898 1653 985 viij.
1666 898 1700 964 d.

343 1039 489 1138 Ecclesia
513 1038 554 1101 de
582 1040 785 1105 Barousai-:nu
810 1041 919 1105 Plava
942 1044 1073 1102 taxatur
1103 1038 1146 1103 ab
1176 1038 1312 1121 antiquo
1341 1037 1398 1120 xij.
1424 1058 1557 1105 marcas.
1604 1036 1804 1117 Subsidium,

299 1147 398 1209 ιαμ.

342 1265 387 1327 Et
413 1269 588 1329 onerantur
615 1286 711 1349 super
734 1269 923 1350 compotum
948 1264 989 1328 de
1014 1264 1127 1347 viij.ci.
1153 1264 1193 1327 de
1217 1264 1361 1328 subsidio
1388 1264 1548 1348 porcionis
1573 1262 1656 1348 vj.s.
1685 1260 1801 1347 viij.d.

301 1357 527 1519 ffiligcg
549 1352 686 1417 ecclesie
706 1352 746 1417 de
768 1352 950 1417 Haedhslls
972 1350 1112 1437 (radius
1130 1351 1336 1435 Haverbella)
1351 1353 1491 1436 percipit
1513 1353 1546 1415 in
1569 1352 1692 1429 eadem,
1708 1350 1804 1434 juxta

344 1575 389 1641 Et
416 1582 591 1642 onerantur
617 1598 711 1663 super
734 1583 925 1662 compotum
952 1578 992 1642 de
1016 1577 1052 1661 ij.
1066 1597 1093 1645 a.
1118 1576 1159 1640 de
1175 1576 1319 1641 subsidio
1343 1576 1511 1662 cujusdam
1537 1576 1697 1661 porcionis
1714 1594 1804 1640 aas.

301 1684 398 1746 quam
413 1666 501 1747 prior
515 1664 555 1729 de
570 1664 746 1730 Trcmhale
762 1667 798 1729 in
813 1666 1041 1749 Bercbaingre,
1053 1666 1150 1751 juxta
1163 1664 1314 1745 sormam,
1330 1662 1387 1731 dcc.

498 1803 632 1867 Summa
646 1803 870 1889 parochiarum
886 1825 917 1869 x.
935 1824 1057 1868 marcas
1072 1808 1107 1867 et
1122 1804 1208 1867 ultra
1220 1824 1284 1869 ccc.
1302 1800 1339 1869 ii.
1356 1802 1426 1888 xiij.
1436 1824 1463 1870 s.
1489 1802 1551 1888 iiij.
1563 1801 1596 1869 d.

760 1944 894 2006 Summa
909 1942 1045 2007 subsidii
1059 1964 1132 2010 xxx.
1151 1940 1190 2009 lt.
1206 1942 1258 2027 xvj
1264 1942 1314 2008 mi.

803 2380 998 2446 Daciusrus
1021 2401 1064 2445 ns
1088 2379 1305 2447 NEUPORT.

327 2515 490 2667 Ηξίοὲὶεείει
515 2516 556 2581 de
581 2518 780 2584 Lmnnnuar
803 2522 933 2582 taxatur
958 2519 1000 2582 ab
1023 2520 1158 2602 antiquo
1181 2539 1233 2583 xx.
1259 2535 1393 2583 marcas.
1455 2515 1656 2593 Subsidium,
1680 2513 1765 2600 xxvj.
1779 2537 1805 2581 a.

305 2621 372 2686 an.
415 2653 423 2669 .

346 2740 391 2805 Et
404 2747 578 2806 onerantur
593 2763 690 2827 super
707 2749 896 2828 compotum
919 2746 959 2808 de
982 2745 1082 2828 iiij.s.
1099 2745 1137 2808 (le
1165 2744 1308 2808 subsidio
1333 2742 1502 2827 cujusdam
1531 2741 1804 2826 paucissimis.

301 2849 399 2910 quarn
413 2836 580 2914 precentor
594 2831 744 2915 Elyemis
758 2835 895 2916 percipit
910 2834 945 2895 in
962 2834 1087 2911 eadem,
1099 2832 1195 2915 juxta
1211 2831 1348 2895 formam
1363 2831 1578 2895 concessionis
1593 2830 1754 2915 predicte.

346 2966 490 3033 Ecclesia
504 2969 545 3033 de
560 2970 728 3035 Enunnnu
744 2976 876 3033 taxatur
889 2970 931 3033 ab
945 2972 1084 3054 antiquo
1099 2992 1151 3036 xv.
1168 2991 1304 3036 marcas.
1351 2970 1550 3048 Subsidium,
1564 2990 1615 3035 xx.
1627 2988 1654 3035 a.

346 3106 487 3171 Ecclesia
501 3108 543 3173 de
558 3109 722 3175 Frauasu
738 3113 867 3174 taxatur
882 3109 921 3173 ab
936 3110 1070 3193 antiquo
1085 3110 1155 3193 viij.
1172 3130 1306 3174 marcas.
1364 3108 1563 3185 Subsidium,
1585 3107 1628 3192 vj.
1640 3127 1666 3173 a.
1691 3106 1759 3191 viij.
1771 3104 1805 3172 d.

347 3242 396 3308 De
411 3245 520 3330 aliquo
536 3247 679 3310 subsidio
695 3245 864 3330 cujusdam
879 3246 1037 3331 porcionis
1053 3268 1083 3312 x.
1101 3268 1127 3313 s.
1145 3268 1243 3330 quam
1266 3245 1352 3330 prior
1378 3247 1418 3310 de
1446 3245 1582 3310 Newton
1607 3245 1749 3330 percipit
1773 3247 1808 3309 in

304 3331 430 3410 eadem,
454 3354 519 3398 non
543 3334 751 3418 respondent,
779 3335 867 3397 ultra
890 3335 993 3398 dictos
1017 3335 1061 3418 vj.
1086 3355 1114 3401 o.
1140 3335 1210 3418 viij.
1238 3333 1271 3400 d.
1301 3336 1447 3418 superius
1471 3341 1633 3413 oneratos,
1656 3353 1695 3397 eo
1722 3333 1807 3416 quod

306 3420 432 3483 taxacio
460 3421 597 3485 ecclesie
634 3422 789 3506 predicte,
821 3442 896 3485 oum
933 3423 1083 3505 porcione
1120 3423 1266 3506 predicta
1302 3441 1368 3484 non
1406 3421 1549 3507 attingit
1586 3441 1746 3485 summam
1774 3442 1806 3488 x.

307 3524 500 3587 marcamm,
510 3507 608 3592 juxta
621 3509 771 3588 formam,
786 3507 844 3574 &c

348 3644 471 3708 Ecclsia
485 3645 526 3710 de
540 3646 685 3713 Haunnre
699 3651 829 3711 taxatur
843 3647 884 3710 ab
900 3645 1036 3732 antiquo
1052 3647 1121 3733 viij.
1139 3668 1272 3714 marcas.
1318 3645 1524 3726 Subsidium,
1537 3646 1582 3733 vj.
1593 3667 1621 3714 s.
1638 3646 1707 3734 viij.
1719 3648 1752 3716 d.

348 3781 492 3847 Ecclesia
507 3785 547 3848 de
566 3787 746 3853 Cursarem
762 3787 883 3854 Macris
896 3791 1026 3851 matur
1038 3786 1223 3869 abantiquo
1235 3785 1291 3871 xij.
1303 3806 1437 3853 marcas.
1486 3786 1687 3865 Subsidium,
1703 3786 1767 3869 xvj.
1781 3807 1807 3852 a.

349 3918 393 3982 Et
407 3926 582 3985 onerantur
598 3943 695 4007 super
710 3928 899 4008 compotum
915 3924 955 3989 de
969 3923 1077 4009 xvj.d.
1094 3924 1133 3988 de
1161 3923 1303 3988 subsidio
1319 3924 1486 4009 cujusdam
1512 3925 1674 4008 porcionis
1696 3921 1807 4009 xiijo.

306 4004 365 4088 iiij.
382 4007 415 4073 ci.
433 4029 530 4091 quam
544 4011 630 4094 prior
646 4011 687 4074 de
704 4011 864 4076 Barnwell
881 4014 1070 4096 percipitis
1084 4012 1211 4088 eadem,
1221 4011 1317 4096 juxta
1333 4011 1481 4092 formam,
1496 4010 1554 4078 dac.

253 4150 255 4157 '
350 4143 492 4210 Ecclesia
505 4144 546 4210 de
561 4145 742 4215 Onusnunn
758 4150 866 4216 Paava
882 4154 1014 4213 taxatur
1029 4149 1070 4214 ab
1085 4151 1220 4232 antiqno
1235 4169 1296 4215 oo.
1345 4149 1545 4230 Subsidium,
1562 4149 1593 4236 vj
1599 4170 1640 4216 ,a
1657 4150 1725 4236 viij.
1739 4149 1772 4215 d.

347 4282 489 4349 Ecclesia
502 4285 545 4349 de
565 4287 783 4355 Ousvnauuon
798 4293 930 4352 taxatur
943 4288 984 4351 ab
999 4289 1135 4370 antiquo
1150 4307 1224 4353 xxx.
1240 4308 1373 4354 marcas.
1422 4287 1625 4368 Subsidium,
1641 4289 1685 4354 xl.
1696 4309 1722 4354 a.

346 4419 474 4485 Vicaria
488 4423 634 4508 ejusdem
648 4430 780 4490 taxatur
795 4427 837 4490 ab
852 4428 986 4511 antiquo
1001 4424 1091 4510 xviij.
1111 4447 1245 4490 marcas.
1293 4425 1492 4502 Subsidium,
1507 4425 1598 4511 xxiiij
1603 4446 1645 4492 .a.

349 4557 495 4624 Ecclesia
508 4561 549 4626 de
565 4565 706 4630 Bsaosu
722 4569 852 4630 laxatur
866 4565 907 4630 ab
922 4566 1059 4649 antiquo
1075 4586 1126 4632 xv.
1143 4584 1275 4629 marcas.
1324 4563 1525 4641 Subsidium,
1539 4583 1625 4630 xrs.

310 4695 494 4846 nnllpiclesia
509 4700 549 4763 de
565 4701 783 4770 Maunrvsuore
799 4707 928 4767 taxatur
953 4703 995 4768 ab
1020 4703 1156 4788 antiquo
1184 4702 1247 4786 xvj.
1278 4721 1415 4766 marcas.
1480 4701 1681 4780 Subsidium,
1703 4702 1769 4788 xxj.
1782 4723 1809 4770 a.

307 4801 367 4866 lllJ.
405 4833 413 4850 ,

350 4922 493 4988 Ecclesia
507 4926 547 4990 de
563 4928 703 4996 Uscana
718 4933 847 4993 taxatur
861 4929 902 4992 ab
917 4930 1055 5012 antiquo
1069 4950 1100 4994 x.
1117 4947 1249 4993 marcas.
1300 4925 1498 5006 Subsidium,
1515 4927 1586 5013 xiij,
1597 4947 1624 4995 a.
1641 4929 1702 5014 iiij.
1715 4929 1748 4996 d.

356 5059 441 5148 [Tlsc
455 5067 549 5131 oboac
562 5070 628 5150 stro
644 5071 758 5134 cre-tries
772 5090 827 5134 cre
842 5065 1013 5154 caracellerl]
1037 5067 1121 5150 Quia
1136 5069 1171 5130 iu
1187 5087 1282 5130 onere
1299 5065 1338 5132 R.
1355 5065 1544 5150 Deyncourt
1566 5063 1723 5154 [culeo]

350 5199 495 5267 Ecclesia
509 5203 551 5268 de
566 5205 749 5272 Rnnsnruo
763 5211 893 5269 taxatur
907 5205 948 5270 ab
964 5207 1101 5288 antiquo
1115 5226 1167 5270 xv.
1183 5223 1318 5269 marcas.
1367 5202 1569 5280 Subsidium,
1585 5223 1670 5269 ans.

350 5339 392 5402 Et
416 5347 590 5406 onerantur
617 5365 714 5427 super
737 5346 925 5426 compotum
948 5342 988 5405 de
1004 5340 1073 5425 viij.
1086 5338 1119 5404 el.
1138 5340 1179 5404 do
1194 5341 1336 5403 subsidio
1352 5339 1520 5422 cujusdam
1545 5342 1709 5422 paucioris
1726 5342 1767 5426 vj.
1785 5365 1811 5407 s.

309 5424 563 5595 pffl'mpidhqppm
585 5430 748 5514 capitulus
776 5427 849 5506 (sic)
884 5430 996 5496 Sancti
1028 5429 1135 5506 Pauli,
1166 5427 1310 5506 London,
1342 5427 1483 5510 percipit
1511 5428 1547 5489 in
1577 5429 1702 5504 eadem,
1718 5429 1814 5511 juxta
