4117 6200
285 605 348 672 860
496 607 502 618 '
958 599 1117 672 HAN'PS.

282 891 440 957 willelmi
455 891 569 972 Niooll,
585 893 677 957 Petri
691 893 815 977 Jsmye,
830 892 989 957 Jobannis
1006 893 1150 974 Seldcre‚
1164 891 1331 977 Rudulphi
1358 893 1604 978 chumberluyu‚
1627 894 1648 958 J
1650 897 1785 958 ohannis

281 980 453 1064 Flemyng,
468 978 628 1045 lobannis
653 981 759 1058 Flete,
777 981 912 1046 Roberti
941 981 1086 1066 Geffrey,
1115 981 1252 1064 Georgii
1268 981 1350 1060 Uek,
1365 983 1434 1045 Ade
1450 981 1614 1066 Moryebe,
1628 983 1787 1048 Johannis

282 1066 386 1144 Kent,
394 1065 544 1150 junioris,
561 1067 712 1153 Hugonie
735 1067 875 1152 Wslley,
896 1071 931 1132 et
953 1067 1076 1132 Thome
1100 1067 1275 1152 Bruybrok,
1303 1070 1371 1153 qui,
1389 1069 1495 1153 juncti
1517 1075 1551 1134 et
1576 1072 1701 1134 onerati
1725 1091 1785 1155 pro

282 1153 415 1219 dominc
429 1173 514 1238 rege,
529 1155 641 1220 dicunt
656 1175 752 1240 super
766 1161 1006 1220 sacromentum
1021 1176 1129 1235 suum,
1144 1157 1229 1240 quod
1242 1178 1296 1219 z-

322 1299 507 1366 Willelmus
531 1299 632 1387 Soper
661 1301 702 1367 dc
732 1301 972 1386 Sutbumpton’,
997 1303 1034 1366 in
1065 1303 1154 1367 dicto
1183 1303 1343 1368 comitatu
1368 1301 1608 1388 Sntbsmpton’,
1633 1304 1785 1388 armiger,

281 1388 411 1452 scisitus
426 1387 490 1456 tuit
504 1390 541 1452 in
555 1389 717 1453 dominico
732 1408 799 1470 suc,
814 1395 852 1454 ut
867 1391 906 1454 de
921 1390 1022 1454 libero
1037 1394 1229 1454 tenemento
1244 1411 1315 1469 suo,
1330 1391 1384 1455 die
1399 1391 1534 1454 Veneris
1548 1393 1693 1475 proximo
1706 1395 1783 1456 ente

277 1476 398 1540 festum
422 1474 534 1540 Sancti
562 1477 692 1541 Hillsrii
717 1478 752 1540 iu
767 1478 863 1541 dictis
878 1477 980 1541 literis
995 1476 1120 1541 domini
1135 1479 1236 1541 nostri
1253 1478 1341 1563 regis
1360 1478 1549 1562 petentibus
1563 1482 1729 1555 contento,
1741 1477 1782 1542 de

275 1561 410 1627 diversis
423 1565 525 1641 terris,
533 1565 733 1628 tenementis
748 1573 782 1627 ct
797 1563 988 1643 redditibus,
996 1565 1080 1628 infre
1095 1564 1286 1629 libertatem
1298 1565 1375 1628 ville
1392 1564 1540 1650 predicte
1556 1565 1783 1643 existentibus,

279 1649 320 1714 od
333 1669 446 1714 verum
459 1670 605 1715 onnuum
619 1652 772 1732 valorem,
787 1651 873 1716 ultre
888 1653 1025 1737 reprieas
1040 1653 1243 1730 necessarius,
1258 1649 1356 1718 xvdi.

325 1798 491 1866 Walterue
519 1798 683 1885 Fetplece,
712 1800 858 1886 predicte
894 1801 971 1866 ville
1008 1799 1252 1885 suthampton’,
1281 1806 1450 1882 mercator,
1482 1802 1609 1866 seisitus
1645 1802 1711 1867 tuit
1747 1803 1781 1864 in

278 1886 441 1951 dominico
464 1905 533 1968 suo,
561 1893 600 1952 ut
623 1889 664 1953 de
692 1888 794 1953 libero
821 1892 1019 1970 tenemento,
1045 1889 1192 1972 predicto
1215 1889 1269 1952 die
1285 1889 1429 1967 Veneris,
1452 1889 1493 1953 de
1518 1889 1653 1954 diversio
1677 1890 1783 1966 terrie,

278 1975 475 2039 tenementis
499 1980 532 2039 et
557 1975 748 2055 redditibus,
765 1975 850 2040 infru
864 1977 977 2040 villum
1002 1981 1038 2039 et
1063 1974 1251 2040 libertatem
1274 1977 1446 2060 predictus,
1470 1976 1513 2041 sd
1528 1997 1639 2042 verum
1661 1997 1782 2041 sunum

282 2061 439 2141 valorem,
452 2062 540 2127 ultre
554 2063 690 2146 reprisss
703 2065 909 2142 necessarius,
924 2084 974 2128 xv.
981 2061 1019 2128 li.

325 2210 510 2276 Willelmue
523 2211 642 2294 Niooll,
658 2213 804 2299 predicte
819 2213 896 2278 ville
912 2211 1157 2296 Sutbnmpton'‚
1166 2217 1334 2294 mercator,
1347 2211 1477 2278 eeieitue
1490 2213 1555 2279 fuit
1571 2213 1605 2276 in
1621 2211 1782 2277 dominico

280 2319 349 2379 suo,
365 2302 405 2363 ut
418 2299 457 2364 de
472 2299 575 2364 libero
590 2305 774 2366 tenemento
789 2321 859 2380 euo,
867 2300 1014 2385 predicto
1027 2301 1083 2366 die
1097 2300 1246 2382 Veneris,
1257 2301 1298 2365 de
1312 2300 1446 2366 diversis
1461 2301 1566 2380 terrie,
1575 2300 1783 2378 tenementis,

279 2391 313 2451 et
328 2385 508 2452 redditibus
523 2387 610 2451 infre
625 2388 737 2453 villum
752 2395 787 2454 et
801 2388 986 2454 libertatem
1000 2388 1164 2473 predictae
1186 2389 1409 2469 existentibus,
1435 2387 1477 2454 ed
1499 2409 1613 2453 verum
1637 2406 1782 2453 annuum

276 2473 428 2553 valorem,
443 2474 529 2539 ultre
543 2476 681 2561 repsisse
696 2477 903 2558 necessarius,
918 2476 963 2562 vj.
972 2473 1011 2542 ll.

321 2621 504 2688 Willelmue
520 2621 765 2710 chumberlsyn,
780 2625 925 2709 predicte
939 2625 1017 2690 ville
1034 2623 1274 2710 Suthsmpton',
1287 2625 1486 2710 gentilmsn,
1500 2623 1630 2689 scisitue
1656 2620 1720 2686 fuit
1745 2622 1780 2686 in

278 2708 442 2774 dominico
456 2731 525 2790 suo,
538 2717 578 2776 ut
593 2711 634 2776 de
649 2712 751 2777 libero
766 2718 954 2777 tenemento
969 2733 1039 2792 suo,
1056 2713 1200 2798 predicto
1215 2714 1269 2777 die
1284 2712 1436 2792 Veneris,
1451 2714 1491 2777 de
1515 2711 1650 2777 diversis
1674 2710 1782 2787 terris,

276 2799 472 2863 tenementis
497 2803 532 2863 et
554 2798 747 2878 redditibus,
770 2799 854 2864 inire
879 2800 995 2864 villum
1019 2806 1055 2864 et
1083 2800 1272 2865 libertatem
1298 2800 1463 2885 predictas
1487 2798 1714 2878 existentibus,
1738 2797 1781 2860 ud

275 2905 389 2950 verum
403 2905 548 2950 annuum
562 2885 715 2968 valorem,
729 2885 816 2952 ultre
832 2887 968 2971 reprisue
982 2889 1196 2967 necessarius,
1209 2885 1309 2955 xv.lc‘.

320 3034 342 3102 J
343 3033 485 3101 ohannes
500 3034 642 3119 Seldere,
656 3035 801 3121 predicte
815 3036 892 3103 ville
908 3034 1150 3122 Suthumpton’,
1165 3041 1333 3116 mercator,
1342 3037 1473 3101 eeisitus
1488 3035 1553 3100 fuit
1567 3034 1602 3098 in
1617 3032 1780 3098 dominico

279 3144 348 3205 suo,
365 3128 405 3189 ut
430 3122 470 3188 de
495 3124 598 3189 libero
618 3130 807 3191 tenemento
829 3144 896 3206 suo,
910 3126 950 3189 de
965 3126 1101 3191 diversis
1116 3126 1222 3203 terris,
1234 3125 1429 3190 tenementis
1444 3130 1479 3189 et
1492 3122 1682 3201 redditibus,
1696 3120 1781 3184 inire

277 3211 389 3277 sillem
403 3215 437 3277 et
450 3211 636 3277 libertatem
651 3212 817 3298 predictos
833 3213 1061 3292 existentibus,
1076 3213 1191 3278 eodem
1205 3213 1260 3278 dic
1274 3213 1422 3292 Veneris,
1435 3212 1476 3276 ed
1499 3230 1613 3275 verum
1633 3227 1780 3273 annuum

278 3300 431 3379 valorem,
445 3300 532 3364 ultre
545 3302 685 3384 reprieae
700 3302 906 3379 necessarius,
922 3319 983 3364 ce.

320 3458 484 3525 Jobsnuee
506 3460 595 3539 Pole,
610 3458 755 3543 predicte
771 3460 849 3524 ville
874 3458 1114 3543 suthampton’,
1139 3458 1290 3543 armiger,
1315 3458 1445 3522 scisitus
1468 3455 1535 3521 fuit
1558 3456 1593 3520 in
1618 3454 1780 3519 dominico

278 3565 346 3627 suc,
374 3551 415 3611 ut
443 3546 485 3611 de
515 3546 616 3612 libero
645 3551 833 3612 tenemento
869 3566 940 3623 suo,
967 3545 1021 3610 die
1053 3546 1188 3611 Veneris
1217 3545 1413 3629 supradicto,
1442 3544 1483 3608 de
1518 3543 1655 3608 diversis
1684 3542 1780 3605 terris

284 3635 485 3698 tenementis
508 3639 543 3699 et
566 3634 759 3713 redditibus,
784 3634 869 3698 inire
895 3633 1006 3698 villam
1030 3636 1065 3698 et
1088 3633 1275 3698 libertatem
1302 3632 1461 3717 predictas
1488 3629 1716 3707 existentibus,
1737 3628 1780 3693 od

280 3740 407 3787 sunum
422 3720 575 3801 valorem,
588 3718 664 3791 ull.

321 3878 498 3946 Nicbolnue
528 3880 695 3959 Bnusetre,
722 3880 763 3946 de
789 3878 997 3965 Tydeswortb
1027 3882 1153 3960 (rectius
1183 3877 1383 3959 Idceworth),
1411 3879 1447 3942 in
1476 3876 1564 3941 dicto
1585 3869 1774 3963 [comitutu]

278 3966 518 4053 Sutbempton’,
534 3969 729 4053 gentilman,
755 3968 885 4033 eeisitns
910 3968 975 4033 fuit
998 3968 1034 4031 in
1060 3968 1222 4033 dominico
1244 3987 1313 4046 suo,
1335 3972 1375 4032 ut
1401 3965 1442 4029 de
1463 3964 1566 4029 libero
1580 3966 1778 4041 tenemento,

276 4055 330 4120 dic
343 4055 475 4121 Veneris
502 4056 695 4141 supradicto,
721 4057 761 4120 de
785 4056 920 4120 diversis
948 4056 1055 4133 terrie,
1078 4055 1275 4119 tenementis
1296 4060 1331 4118 ct
1355 4052 1545 4130 redditibus,
1565 4050 1651 4114 inira
1665 4049 1777 4114 villum

277 4147 311 4207 et
334 4142 522 4208 libertatem
542 4144 629 4208 dicte
655 4144 733 4208 ville
758 4142 987 4229 Suthemptou’
1012 4142 1237 4221 existentibus,
1259 4141 1300 4206 ed
1323 4160 1433 4206 remur
1458 4158 1603 4203 annuum
1626 4136 1778 4215 valorem,

277 4228 364 4295 ultre
387 4232 523 4315 repriess
539 4232 827 4312 neocesariense.

319 4388 485 4456 Johsnnee
510 4389 684 4477 Flemyng,
713 4392 855 4475 predicte
885 4391 962 4457 ville
993 4388 1236 4475 Suthumpton',
1264 4390 1458 4475 gentilmun‚
1488 4388 1618 4453 scisitus
1647 4386 1713 4450 fuit
1741 4386 1776 4449 in

275 4476 437 4543 dominico
452 4498 521 4557 suo,
535 4483 574 4543 ut
588 4478 629 4543 de
644 4478 747 4544 libero
760 4482 949 4543 tenemento
965 4499 1034 4559 suo,
1050 4478 1104 4542 die
1121 4477 1251 4542 Veneris
1266 4478 1460 4560 supradicto,
1471 4477 1511 4540 de
1525 4474 1658 4539 direrde
1672 4474 1777 4550 terris,

276 4567 473 4632 tenementis
498 4570 535 4630 et
557 4566 740 4631 redditibus
762 4566 848 4631 infre
870 4566 983 4631 villum
1006 4572 1043 4630 et
1070 4565 1257 4629 libertatem
1286 4565 1449 4648 predictus
1478 4561 1705 4642 existentibus,
1733 4561 1775 4625 cd

276 4673 389 4718 verum
403 4672 525 4721 anuum
540 4653 695 4733 valorem,
707 4654 794 4718 ultre
809 4654 944 4737 repsisse
958 4653 1160 4732 necessarias,
1175 4650 1262 4736 vili.

318 4813 481 4896 Murgeris
504 4811 651 4892 Mescell,
675 4812 820 4897 predicte
846 4813 922 4877 ville
947 4809 1190 4895 Sutbsmpton'‚
1215 4812 1491 4896 gentilwomman,
1514 4812 1625 4878 seieite
1654 4810 1715 4875 fuit
1740 4812 1776 4876 in

275 4900 442 4965 dominico
468 4920 536 4981 suo,
551 4906 587 4964 ut
604 4901 644 4965 de
674 4900 776 4965 libero
802 4903 989 4965 tenemento
1017 4918 1087 4975 sno,
1109 4897 1163 4962 die
1189 4898 1327 4963 Veneris
1351 4900 1545 4984 supradicte,
1577 4902 1618 4965 de
1640 4900 1775 4963 diversis

274 4990 380 5067 terris,
394 4989 599 5067 tenementis,
622 4999 656 5052 et
671 4985 849 5053 redditibus
865 4986 953 5050 inire
970 4985 1081 5049 villum
1105 4992 1139 5050 et
1164 4986 1349 5052 libertatem
1374 4987 1535 5071 predictus
1550 4986 1774 5065 existentibus,

274 5074 315 5140 sd
331 5096 443 5141 verum
458 5096 604 5141 annuum
618 5074 772 5153 valorem,
787 5073 876 5138 ultre
889 5073 1036 5158 repriece,
1052 5091 1114 5138 cs.
1624 5084 1627 5091 '

313 5236 480 5302 ,lohannes
505 5234 662 5315 Bernabe‚
688 5237 728 5299 de
754 5233 908 5315 London’,
935 5233 1062 5319 dreper,
1090 5234 1223 5298 scisitus
1247 5230 1312 5297 fuit
1334 5234 1369 5298 in
1396 5233 1561 5299 dominico
1582 5254 1651 5314 suo,
1671 5237 1711 5297 ut
1732 5233 1773 5297 de

269 5326 369 5389 libero
391 5330 578 5389 tenemento
604 5344 673 5402 suo,
697 5324 752 5387 die
776 5323 911 5387 Veneris
934 5322 1130 5407 suprodicto,
1153 5321 1194 5386 de
1220 5320 1355 5386 diversis
1380 5324 1487 5397 terris,
1514 5321 1714 5387 tenementis
1736 5328 1772 5384 et

268 5411 701 5584 rplcptrlptpppppsppfrcaevillem
724 5408 952 5495 Sutbempton’
981 5409 1206 5490 existentibus,
1233 5409 1274 5472 ud
1298 5428 1412 5474 rerum
1442 5429 1589 5474 sunnum
1618 5408 1772 5487 colorem,

509 5546 518 5581 ,
555 5547 595 5566 ..
