4117 6200
283 653 346 720 396
481 745 488 760 ι
906 655 1165 723 HEREFORD.

288 1031 293 1042 Ι
327 943 372 1004 Et
388 942 428 1005 de
444 962 496 1007 xr.
513 961 540 1006 s.
557 935 698 1025 receptis
713 943 752 1006 de
770 943 911 1006 Walters
927 945 967 1007 de
983 945 1104 1009 Helion
1120 953 1154 1008 et
1181 944 1330 1009 Gslfrido
1357 948 1397 1010 de
1413 946 1505 1009 Bello
1521 946 1610 1031 ano
1625 967 1683 1030 pro
1698 947 1743 1010 di.
1760 945 1783 1010 f.

285 1030 519 1182 ppnffiffirprnn
534 1036 566 1093 et
583 1032 816 1108 Menunnnrn,
832 1031 917 1114 quod
934 1031 1090 1095 Ricardus
1105 1034 1134 1096 le
1150 1032 1234 1096 Brut
1250 1039 1283 1096 et
1303 1033 1469 1098 Johunnes
1484 1034 1525 1097 de
1540 1034 1660 1098 Helion
1683 1053 1787 1116 nuper

327 1257 371 1319 Et
387 1256 427 1318 de
444 1255 511 1339 viij.
528 1275 555 1321 s.
571 1257 710 1338 receptis
725 1255 765 1320 de
780 1256 943 1340 Stephano
959 1258 999 1321 de
1015 1258 1047 1321 la
1061 1257 1191 1322 Barewe
1202 1279 1259 1341 pro
1272 1259 1388 1341 quinta
1399 1263 1492 1342 parte
1508 1258 1532 1324 t.
1547 1260 1582 1321 in
1593 1260 1786 1344 Bnnnnrorr,

286 1364 383 1428 quarn
398 1341 563 1407 Johannes
577 1344 617 1407 de
632 1341 796 1407 Belserton
811 1364 915 1428 nuper
930 1347 1050 1410 tenuit.

329 1481 374 1544 Et
390 1482 429 1544 de
445 1502 537 1546 xxxv.
555 1502 581 1546 s.
599 1480 641 1563 vj.
658 1481 692 1546 d.
708 1481 758 1547 ob.
775 1489 811 1565 q·
832 1485 970 1565 receptis
985 1482 1025 1546 de
1040 1483 1187 1547 Johanne
1202 1484 1243 1547 de
1259 1482 1419 1562 Grilretot,
1440 1503 1495 1566 pro
1511 1483 1580 1568 viij.
1597 1483 1743 1566 partibus
1758 1481 1781 1546 f.

286 1570 320 1632 in
335 1569 683 1646 Winsrrornsrnourrs‚
697 1571 782 1652 quod
799 1569 942 1654 Rogerus
958 1571 997 1634 de
1014 1569 1160 1635 Oriketot
1175 1592 1278 1655 nuper
1294 1572 1413 1636 tenuit.

327 1707 375 1772 Et
389 1707 429 1770 de
445 1729 495 1773 rx.
512 1729 538 1772 s.
554 1709 692 1790 receptis
707 1709 747 1771 de
762 1708 926 1773 Witlelmo
941 1709 981 1772 de
993 1709 1137 1773 Ebroicis
1152 1730 1209 1792 pro
1224 1711 1269 1773 di.
1286 1708 1309 1773 f.
1327 1712 1361 1772 in
1378 1710 1405 1774 F
1408 1730 1497 1775 sous
1510 1709 1687 1788 Hermone,
1698 1707 1784 1790 quod

285 1794 466 1880 Stephanus
483 1796 642 1858 Devereus
656 1797 765 1859 tenuit
781 1797 822 1860 de
837 1796 951 1860 eodem
967 1795 1096 1862 honore.

327 1932 371 1996 Et
385 1933 426 1998 de
437 1933 465 2017 j.
482 1953 589 1997 merca
603 1939 735 2016 recepta
750 1934 788 1997 de
800 1933 955 1998 Nichclao
965 1934 1097 2018 Seymor
1112 1953 1169 2018 pro
1183 1935 1308 1998 duabus
1325 1935 1473 2018 partibus
1488 1934 1533 1999 di.
1546 1934 1570 2000 f.
1582 1935 1618 1997 in
1629 1934 1783 2013 Wnsrorr,

287 2021 389 2086 tentis
405 2021 445 2086 de
461 2021 592 2085 domino
607 2021 646 2084 de
662 2021 867 2106 Webbeleye.

592 2158 774 2246 feodorum]
797 2160 866 2244 viij.
884 2159 907 2225 f.
924 2181 968 2223 m.
986 2161 1031 2224 di.
1048 2161 1106 2244 xij.
1124 2182 1151 2224 c.
1170 2167 1205 2223 et
1220 2161 1265 2223 lx’
1287 2162 1388 2243 partis
1404 2179 1459 2224 un.
1477 2161 1499 2224 f.
1517 2181 1561 2223 m.

409 2163 565 2328 Summa[
593 2244 808 2334 denariorum]
831 2248 907 2331 xvij.
926 2249 959 2312 ti·
977 2247 1026 2331 iij·
1044 2272 1070 2312 ⁸·
1088 2247 1131 2331 Vi·
1149 2250 1180 2311 d·
1197 2248 1249 2312 ⁰b‘
1266 2258 1310 2330 (Γ

764 2463 983 2528 Huuuusnusr
1010 2483 1054 2525 nu
1081 2461 1302 2528 GREYTRE.

287 2605 373 2761 UEt
387 2605 427 2668 de
442 2603 503 2687 iiij.
521 2605 554 2668 u.
571 2603 707 2686 receptis
733 2603 773 2666 de
798 2603 947 2684 episcopo
975 2599 1164 2663 Herefordie
1190 2619 1248 2681 pro
1274 2597 1401 2661 duobus
1427 2596 1529 2661 feodis
1554 2598 1589 2660 in
1615 2597 1723 2663 Rossn
1746 2602 1781 2659 et

319 2713 410 2760 eron.

329 2832 374 2895 Et
389 2831 428 2894 de
442 2831 485 2895 xl.
503 2853 529 2895 s.
545 2828 683 2911 receptis
698 2828 738 2891 de
753 2826 889 2889 Rr‘cardo
904 2826 1021 2889 Tslbot
1036 2845 1093 2909 pro
1107 2844 1164 2890 un.
1180 2823 1203 2888 t.
1221 2825 1254 2886 in
1271 2823 1502 2899 Eccnnswsnn,
1518 2822 1603 2905 quod
1618 2821 1782 2886 Gilbertus

286 2919 403 2983 Talbot
416 2937 520 3001 nuper
535 2916 655 2981 tenuit.

330 3057 375 3120 Et
389 3056 429 3120 de
444 3053 486 3120 xt.
504 3077 529 3120 ε.
547 3053 684 3137 receptis
699 3053 738 3115 de
752 3050 849 3115 Petro
864 3051 903 3114 de
927 3049 1145 3115 Grundissone
1170 3068 1228 3134 pro
1254 3034 1309 3115 un.
1335 3047 1358 3113 f.
1386 3049 1421 3110 in
1447 3049 1568 3115 Mrsrrr
1591 3047 1782 3128 Msncnnrn,

286 3145 372 3229 quod
386 3143 568 3213 Willelmus
584 3142 624 3205 de
640 3140 808 3204 Lodelcwe
824 3159 925 3222 nuper
940 3140 1057 3204 tenuit.

330 3284 375 3346 Et
389 3283 429 3347 dc
445 3303 496 3347 xx.
513 3305 539 3348 s.
556 3280 695 3364 receptis
709 3280 750 3342 de
767 3277 891 3363 Rogero
906 3278 946 3341 de
964 3276 1137 3342 Chaundus
1153 3297 1209 3360 pro
1225 3275 1270 3339 di.
1287 3276 1309 3340 f.
1327 3277 1358 3337 in
1378 3274 1553 3340 Fownrron.

330 3422 375 3487 Et
390 3420 429 3485 de
444 3442 496 3485 xx.
513 3444 539 3485 s.
556 3420 693 3503 receptis
708 3417 746 3480 de
761 3417 857 3481 Petro
873 3416 911 3480 de
927 3416 1149 3480 Grandessone
1165 3435 1223 3498 pro
1237 3414 1282 3478 di.
1295 3412 1319 3477 f.
1335 3414 1370 3476 in
1385 3412 1584 3495 nisuquod
1598 3410 1781 3480 Willelmus

286 3510 327 3574 de
342 3508 568 3574 Grandessone
582 3526 684 3589 nuper
698 3508 816 3569 tenuit.

330 3646 375 3710 Et
390 3646 430 3709 de
445 3666 496 3711 rx.
514 3665 540 3709 s.
557 3645 696 3726 receptis
711 3644 751 3705 de
768 3642 788 3706 J
791 3642 916 3706 ohanne
931 3642 962 3704 le
977 3642 1062 3725 Wyn
1078 3659 1135 3722 pro
1156 3642 1273 3723 quartu
1296 3643 1388 3720 parte
1412 3656 1467 3703 un.
1485 3637 1508 3701 s.
1525 3638 1559 3699 in
1574 3637 1779 3715 horresces,

287 3735 372 3817 quod
387 3733 553 3798 Johunncs
567 3732 654 3794 filius
669 3731 806 3799 Walteri
821 3730 861 3793 de
875 3725 1070 3792 Monemuth
1087 3747 1192 3810 nuper
1205 3727 1325 3789 tenuit.

330 3874 374 3935 Et
388 3872 428 3937 de
439 3871 467 3956 j.
484 3890 590 3935 merca
604 3872 734 3953 recepta
748 3868 788 3931 de
802 3865 966 3935 Willelmo
983 3866 1104 3948 Comyn
1121 3886 1177 3948 pro
1192 3865 1290 3927 tercia
1305 3866 1398 3945 purte
1414 3882 1468 3925 un.
1484 3862 1508 3925 f.
1525 3862 1560 3923 in
1575 3861 1779 3926 Porrunsrn.

328 4011 373 4075 Et
387 4011 428 4075 de
442 4032 494 4075 xx.
510 4028 536 4075 s.
554 4009 689 4092 receptis
703 4006 744 4070 de
759 4002 923 4074 Willelmo
937 4004 977 4067 de
993 4000 1190 4153 Whitgntcn
1205 4020 1262 4084 pro
1278 4000 1323 4065 di.
1340 4000 1363 4064 f.
1380 4001 1415 4061 iu
1430 3999 1527 4065 Horu
1545 3998 1680 4077 Sensus,
1693 3998 1782 4082 quod

286 4098 423 4163 Thomas
438 4098 478 4162 de
494 4096 599 4161 Sclers
614 4114 717 4178 nuper
730 4094 839 4157 tenuit
861 4092 901 4155 de
915 4090 1065 4155 Jchannc
1111 4088 1216 4153 iffard.

329 4238 374 4301 Et
390 4238 429 4300 de
442 4257 474 4301 x.
489 4255 517 4301 s.
533 4234 670 4316 receptis
685 4232 725 4295 de
740 4230 859 4294 Maielu
876 4229 917 4292 de
934 4228 1113 4297 Galbsrewe
1128 4247 1186 4311 pro
1201 4232 1316 4310 quartu
1339 4230 1431 4309 parte
1457 4223 1480 4289 f.
1506 4226 1540 4288 in
1568 4224 1780 4302 snmus,

286 4326 371 4410 quod
386 4325 408 4390 J
409 4326 550 4388 ohannes
564 4320 604 4385 de
620 4318 797 4384 Calbarewe
812 4338 914 4401 nuper
930 4318 1050 4381 tenuit.

495 4504 631 4568 Summa
638 4462 652 4629 ἱ
678 4453 858 4561 feodorum]
881 4456 924 4540 vj.
942 4458 964 4557 f:
983 4462 1017 4557 et
1031 4456 1130 4555 tercie
1145 4451 1248 4554 pertis
1262 4471 1318 4516 nn.
1335 4452 1358 4515 f.
1375 4472 1419 4514 m.

679 4541 898 4630 denarrorum]
920 4564 977 4627 er.
995 4544 1028 4607 lu.
1046 4563 1117 4624 xrrJ.
1134 4564 1160 4605 s.
1177 4562 1239 4623 rrrJ.
1255 4540 1287 4603 rt.

696 4736 915 4800 Huunsnuurr
954 4753 996 4797 ns
1032 4726 1370 4796 IRCHENEFELD.

328 4877 372 4941 Et
385 4876 426 4939 de
441 4873 485 4938 lx.
501 4897 527 4939 s.
545 4872 681 4957 receptis
695 4872 736 4936 de
751 4869 875 4933 Thomu
890 4868 929 4932 de
945 4864 1171 4951 Daggeworth,
1188 4885 1244 4947 pro
1259 4884 1315 4928 un.
1332 4862 1356 4927 f.
1373 4868 1407 4927 et
1421 4862 1467 4927 di.
1483 4861 1516 4923 in
1534 4860 1672 4939 anrrr,
1693 4860 1781 4942 quod

285 4966 406 5029 Alanus
420 4962 460 5024 de
476 4959 637 5023 Ptolrenet
650 4980 753 5042 nuper
767 4958 887 5021 tenuit.

329 5104 372 5167 Et
387 5102 428 5167 de
444 5100 486 5165 lx.
504 5123 529 5165 s.
547 5100 683 5181 receptis
697 5096 737 5160 de
752 5092 934 5179 Reginuldo
949 5092 988 5155 de
1004 5090 1101 5175 Grey,
1117 5110 1175 5175 pro
1190 5110 1246 5155 un.
1263 5088 1287 5154 t.
1303 5095 1335 5152 et
1352 5088 1397 5153 di.
1413 5088 1448 5150 in
1464 5087 1614 5154 Wrnrorr.

327 5242 375 5308 Et
390 5242 431 5305 de
446 5239 489 5302 lx.
506 5261 533 5303 c.
550 5235 688 5317 receptis
702 5234 742 5297 de
758 5232 894 5295 Ricardo
919 5229 1035 5292 Talbot
1062 5250 1119 5311 pro
1146 5250 1200 5292 un.
1218 5229 1240 5292 f.
1270 5232 1303 5290 et
1330 5226 1375 5290 di.
1393 5226 1429 5288 in
1455 5226 1580 5292 cismo
1603 5222 1779 5299 Gonnsrcr,

284 5330 369 5414 quod
383 5328 404 5392 J
406 5326 532 5391 chunna
548 5324 587 5387 de
602 5322 740 5387 Velance
761 5340 866 5402 nuper
880 5318 998 5381 tenuit.

670 5501 691 5564 S
812 5470 824 5619 p
852 5451 1035 5556 feodorum]
1056 5454 1118 5554 iiij.
1136 5454 1158 5517 f.
1175 5474 1219 5553 rn.
1236 5458 1270 5515 et
1285 5452 1330 5515 di.

851 5538 1077 5626 denariorum]
1097 5562 1140 5605 rx.
1158 5541 1192 5604 tr.
