4117 6200
306 642 368 705 182
762 683 766 689 .
974 634 1124 709 ESSEX.

301 932 356 997 Ita
380 952 516 1015 semper,
539 930 626 1016 quod
649 932 739 995 nobis
762 932 802 996 de
828 932 963 995 summis
988 930 1187 1016 singulorum
1216 929 1434 995 subsidiorum
1459 928 1678 1012 predictorum
1708 925 1793 989 inira

301 1021 494 1085 comitatum
518 1020 711 1104 predictum,
736 1020 777 1083 ad
803 1020 887 1083 festa
908 1018 1053 1103 predicta
1078 1018 1119 1081 ad
1146 1018 1312 1095 ultimum,
1335 1018 1369 1080 io
1392 1016 1496 1080 forma
1509 1016 1655 1100 predicta
1669 1034 1726 1099 per
1739 1033 1794 1078 vos

302 1108 432 1191 integre
459 1107 700 1190 respondeatur,
728 1112 763 1172 et
790 1108 902 1184 etiam,
930 1108 955 1170 si
987 1126 1115 1169 necesse
1144 1105 1243 1169 fuerit
1270 1106 1442 1189 inquiratis
1471 1124 1529 1187 per
1555 1106 1791 1167 sacramentum

303 1194 476 1278 proborum
490 1201 524 1259 et
537 1194 691 1280 legalium
705 1194 876 1257 hominum
890 1195 1064 1257 comitatus
1078 1192 1229 1277 predicti,
1243 1192 1328 1256 infra
1341 1192 1510 1257 libertates
1522 1196 1556 1255 et
1569 1194 1671 1267 extra,
1684 1189 1746 1253 viis
1761 1194 1795 1251 et

305 1280 410 1345 modis
424 1282 542 1365 quibus
556 1283 708 1365 poteritis
722 1282 763 1345 de
778 1282 955 1365 premissis.
1000 1282 1123 1345 Damus
1137 1280 1240 1344 eciam
1255 1279 1402 1357 ducibus,
1416 1278 1599 1356 comitibus,
1610 1276 1793 1355 baronibus,

303 1368 475 1449 militibus,
499 1368 640 1433 dominis
668 1369 830 1446 villarum,
857 1369 967 1433 liberis
995 1366 1194 1449 hominibus,
1221 1372 1256 1431 ct
1281 1368 1345 1430 toti
1367 1366 1594 1430 communitati
1620 1364 1795 1428 comitatus

302 1456 455 1540 predicti,
467 1462 539 1520 tam
553 1454 638 1519 infra
650 1456 818 1521 libertates
833 1477 931 1539 quam
946 1461 1047 1535 extra,
1061 1460 1173 1520 tenore
1187 1456 1390 1539 presencium
1404 1453 1541 1517 firmiter
1563 1453 1598 1516 in
1621 1450 1795 1528 mandatis,

302 1541 390 1625 quod
404 1543 492 1607 vobis
518 1546 554 1606 in
576 1544 739 1627 premissis
764 1544 913 1607 omnibus
937 1550 973 1608 et
997 1543 1133 1627 singulis
1155 1542 1311 1607 iaciendis
1325 1548 1361 1606 et
1375 1540 1571 1625 exequendis
1586 1537 1794 1603 intendentes

303 1631 381 1710 sint,
417 1631 630 1708 consulentes,
665 1636 700 1695 et
735 1630 937 1708 auxiliantes,
973 1635 1070 1715 prout
1107 1631 1213 1699 decet.
1272 1629 1393 1693 Damus
1440 1632 1571 1712 insuper
1612 1625 1795 1691 vicecomiti

304 1717 480 1783 comitatus
516 1719 665 1801 predicti,
704 1717 885 1783 districoius
928 1739 992 1801 quo
1028 1738 1206 1802 possumus,
1243 1717 1394 1781 similiter
1429 1716 1464 1779 in
1501 1714 1675 1792 mandatis,
1709 1713 1795 1797 quod

304 1824 417 1869 omnes
440 1803 626 1890 hujusmodi
651 1806 806 1886 homines,
832 1806 916 1869 infra
937 1806 1108 1869 libertates
1133 1810 1168 1869 et
1194 1809 1296 1877 extra,
1311 1824 1453 1868 summas
1468 1805 1552 1887 ipsos
1566 1803 1794 1886 contingentes

305 1892 426 1956 solvere
462 1898 657 1970 recusantes,
692 1913 758 1957 nna
793 1892 959 1958 vobiscum
995 1894 1182 1978 distringat,
1218 1898 1252 1957 et
1291 1892 1332 1956 ad
1378 1892 1572 1955 solucionem
1611 1887 1797 1974 hujusmodi

304 1980 547 2063 compellatae
572 1981 607 2043 in
629 1979 751 2044 eisdem
777 1985 812 2045 et
834 1980 950 2044 ceteris
972 1981 1135 2063 premissis
1160 1980 1356 2064 exequendis
1381 1984 1415 2044 et
1433 1978 1642 2063 expediendis
1657 1976 1746 2040 vobis
1761 1981 1797 2039 et

303 2066 439 2131 cuilibet
461 2074 604 2131 vestrum
626 2073 747 2151 pareat,
760 2067 904 2151 obediat,
917 2072 951 2131 et
971 2068 1134 2147 intendat,
1155 2073 1253 2152 prout
1273 2072 1308 2130 et
1328 2065 1456 2150 quando
1481 2068 1514 2130 ei
1540 2066 1620 2129 scire
1646 2063 1796 2143 feceritis,

303 2159 363 2217 ant
385 2154 502 2237 aliquis
517 2159 657 2218 vestrum
683 2154 764 2218 scire
790 2155 905 2219 fecerit
930 2176 969 2219 ex
993 2161 1086 2240 parte
1109 2158 1228 2219 nostre.
1272 2154 1313 2218 In
1327 2153 1419 2238 cujus
1433 2155 1481 2217 rei
1497 2152 1724 2217 testimonium
1739 2150 1796 2213 bas

301 2240 412 2305 literas
434 2247 559 2305 nostras
573 2241 643 2306 fieri
658 2240 794 2306 fecimus
813 2246 970 2326 patentes.
1013 2244 1112 2308 Teste
1135 2244 1277 2327 meipso
1300 2241 1387 2326 apud
1407 2240 1729 2307 westmonasterium
1752 2236 1796 2323 vj.

302 2328 357 2393 die
372 2328 505 2414 Aprilis,
518 2349 603 2394 anno
616 2330 708 2416 regni
722 2331 827 2396 nostri
839 2335 938 2396 sexto·

803 2816 941 2887 Bnacus
963 2840 1007 2886 ns
1031 2817 1299 2887 COLCESTRE.

349 2986 526 3069 Inquisicio
550 2991 644 3069 capta
669 2987 755 3071 apud
781 2986 939 3053 Colcestre
965 2988 1001 3051 in
1026 2988 1185 3053 comitatu
1207 2987 1307 3051 Essex
1323 2986 1375 3049 dic
1399 2984 1533 3050 Sabbati
1554 2984 1698 3068 proximo
1720 2987 1796 3047 ante

302 3072 421 3140 festum
437 3072 554 3139 Sancte
568 3074 749 3154 Trinitatis,
764 3095 850 3140 anno
863 3076 956 3162 regni
970 3076 1056 3160 regis
1071 3075 1207 3140 Henrici
1222 3074 1305 3138 sexti
1320 3078 1393 3157 post
1413 3078 1628 3157 conquestum
1649 3072 1797 3156 septimo,

302 3181 408 3226 coram
430 3162 571 3227 Henrioo
595 3163 698 3247 Aleyn
724 3169 760 3227 ct
780 3165 874 3228 sociis
896 3163 974 3243 suis,
1000 3163 1222 3228 collectoribus
1244 3163 1368 3226 domini
1382 3163 1467 3247 regis
1482 3159 1649 3245 cujusdam
1664 3159 1797 3223 subsidii

301 3248 568 3334 parochianorum
581 3251 688 3314 eidem
704 3250 836 3315 domino
849 3252 919 3336 regi
933 3252 969 3315 in
983 3251 1101 3315 ultimo
1124 3250 1335 3334 parliamento
1357 3269 1415 3312 suo
1438 3269 1458 3312 a
1480 3248 1572 3312 laicis
1597 3246 1737 3312 concessi
1761 3246 1797 3310 in

301 3339 461 3403 comitatu
481 3339 639 3421 predicto,
660 3359 717 3421 per
747 3345 984 3403 sacramentum
1007 3337 1164 3402 Johannis
1191 3337 1358 3422 Skylman,
1381 3337 1502 3400 Thome
1524 3335 1619 3413 Hert,
1640 3332 1798 3398 Iohannis

301 3424 425 3504 Meller,
441 3424 598 3488 Willelmi
623 3424 791 3507 Skylman,
817 3425 975 3490 Willelmi
1000 3426 1133 3504 Scodra
1160 3424 1292 3488 Roberti
1315 3424 1450 3503 Norton,
1473 3422 1631 3486 Willelmi
1654 3421 1798 3500 Huberd,

301 3510 432 3575 Ricardi
453 3510 645 3596 Thursteyn,
659 3511 808 3576 Nicholai
831 3512 955 3597 Newys,
978 3512 1119 3578 Simonis
1134 3513 1229 3592 Hert,
1247 3509 1397 3575 Nicholai
1413 3511 1564 3596 Templer
1584 3515 1618 3574 et
1639 3506 1797 3574 Iohannis

299 3597 438 3676 Plomer,
447 3597 641 3682 juratorum,
654 3601 712 3684 qui
727 3600 841 3664 dicum
855 3621 952 3684 super
967 3605 1204 3665 sacramentum
1219 3620 1313 3664 suum
1327 3599 1413 3684 quod
1422 3620 1476 3662 :-

342 3735 384 3799 In
397 3735 501 3821 burgo
516 3735 557 3798 de
573 3735 761 3805 Concussae
776 3742 852 3802 sunt
865 3739 998 3804 ecclesie
1013 3739 1203 3823 subscripta,
1217 3737 1381 3816 videlicet,

337 3871 481 3936 Ecclesia
509 3870 700 3956 parochialis
731 3874 856 3943 Sanora
893 3875 1023 3955 Eunus,
1054 3881 1166 3940 vocate
1196 3876 1450 3954 anucueaorss,
1489 3873 1590 3938 nichil
1620 3872 1707 3937 valet
1737 3891 1794 3957 per

299 3978 422 4024 aunum
436 3959 524 4024 ultra
538 3962 684 4046 reprisas.

342 4095 428 4160 Item
457 4095 572 4160 dicunt
596 4096 755 4181 juratores
786 4097 935 4182 predicti,
960 4098 1047 4182 quod
1076 4099 1208 4163 ecclesia
1238 4097 1429 4182 parochialis
1463 4098 1588 4168 Sancus
1619 4096 1733 4164 Maura
1754 4117 1797 4162 an

298 4183 430 4252 Munnnr
445 4184 532 4248 valet
546 4203 749 4268 perannum,
764 4185 851 4249 ultra
865 4187 1011 4270 reprisas,
1026 4186 1096 4270 xiij.
1108 4211 1134 4253 a.
1149 4186 1213 4271 iiij.
1223 4187 1256 4252 d.

341 4321 428 4386 Item
442 4320 567 4401 dicunt,
581 4322 667 4406 quod
681 4324 815 4388 ecclesia
829 4322 1021 4408 parochialis
1038 4323 1163 4394 Sartona
1179 4323 1367 4392 anrrrsrrs
1383 4322 1468 4388 valet
1484 4343 1541 4408 per
1562 4341 1696 4400 amum,
1710 4320 1796 4386 ultra

298 4410 445 4494 reprisas,
459 4409 508 4494 iij.
519 4434 546 4476 a.
562 4405 622 4495 iiij.
632 4412 665 4477 d.

340 4547 429 4612 Item
442 4547 568 4627 dicunt,
583 4549 668 4632 qnod
684 4549 819 4614 ecclesia
833 4549 1025 4634 parochialis
1043 4551 1161 4620 Sarrum
1184 4551 1366 4618 Runwsnnr
1380 4549 1466 4614 valet
1487 4567 1694 4632 perannum,
1712 4547 1797 4611 ultra

297 4636 446 4719 reprisas,
460 4634 530 4719 xiij.
541 4659 568 4702 s.
584 4635 646 4719 iiij.
657 4639 689 4703 d.

340 4771 428 4835 Item
453 4773 578 4851 dicunt,
599 4774 685 4858 quod
706 4775 839 4840 ccclesia
860 4777 1052 4858 parochialis
1074 4776 1115 4839 de
1138 4775 1288 4856 Lnxnrsrr,
1308 4780 1398 4840 extra
1420 4773 1569 4858 burgum,
1584 4775 1714 4838 taxatru
1741 4791 1797 4856 per

296 4878 430 4939 annum,
446 4859 534 4924 ultra
548 4861 695 4944 reprisas,
710 4860 773 4946 cvj.
784 4886 810 4928 s.
827 4863 895 4946 viij.
909 4863 940 4928 d.

340 4992 428 5056 Item
456 4994 583 5073 dicunt,
604 4997 690 5079 qnod
720 4996 852 5062 ecclesia
881 4995 1071 5081 parochialis
1100 4998 1141 5061 de
1167 4997 1334 5066 Minurus
1362 4997 1449 5063 valet
1476 5013 1679 5081 perannum,
1711 4993 1798 5058 ultra

296 5080 443 5164 reprisas,
457 5080 519 5165 iiij.
536 5084 570 5148 li.

338 5217 425 5321 Itym
446 5219 571 5369 diluunt,
591 5221 678 5306 quod
699 5222 833 5287 ccclesia
858 5222 976 5293 Sanorr
1000 5225 1114 5306 Purser,
1143 5223 1343 5304 Concussae,
1368 5219 1455 5288 valet
1477 5241 1533 5307 per
1557 5239 1690 5300 annum,
1712 5217 1797 5284 ultra

295 5326 442 5391 repuens,
456 5328 477 5370 x
492 5355 500 5373 .
516 5333 543 5374 a.

337 5443 425 5550 Item
446 5446 574 5528 dicunt,
587 5448 673 5532 quod
698 5447 831 5514 ecclesia
856 5449 1048 5534 parochialis
1073 5449 1190 5520 Sarrum
1211 5449 1360 5518 Manrmr
1386 5447 1473 5514 valet
1494 5463 1697 5532 perannum,
1712 5443 1798 5510 ultra

294 5551 441 5617 reprisas,
455 5556 486 5600 x.
502 5557 529 5601 s.
