4117 6200
316 560 381 629 108
974 560 1162 630 DORSET.

360 778 529 843 Jobannes
546 777 692 843 Peverell
709 778 749 842 de
766 776 961 855 Brudeford,
977 778 1012 841 in
1039 778 1187 863 predicto
1213 777 1371 844 comitatu
1390 778 1540 857 Dorsete,
1557 779 1709 864 armiger,
1726 782 1820 846 tenet

316 870 499 933 manerium
516 868 556 932 (16
569 868 678 947 Orus,
691 868 726 931 in
754 868 867 934 eodem
886 868 1068 948 hundred0,
1082 868 1169 953 quod
1182 888 1250 933 non
1264 874 1398 934 'senetur
1412 891 1471 954 per
1481 869 1656 934 servicium
1667 869 1820 947 (61Ιὶ1616,

317 962 350 1023 61
367 957 456 1023 valet
471 980 529 1045 per
545 979 678 1037 annum,
695 958 784 1023 ultra
800 957 942 1044 reprisas
1077 1000 1091 1009 -
1271 993 1285 1005 ·
1430 1002 1442 1010 -
1577 993 1592 1006 -
1638 981 1669 1023 x.
1685 980 1819 1025 mareas.

362 1070 533 1137 Predictus
572 1072 741 1138 Johannes
781 1071 954 1137 Cheverell
991 1076 1085 1137 tenet
1122 1072 1304 1137 manerium
1335 1072 1376 1137 de
1410 1072 1512 1137 Wusr
1542 1072 1750 1138 1166666166
1788 1079 1823 1140 61

317 1161 591 1240 Sourflsowouu,
608 1164 642 1225 16
660 1162 772 1227 eodem
788 1162 970 1240 hundredo,
986 1184 1045 1247 per
1059 1162 1237 1228 servicium
1253 1162 1353 1227 tercie
1368 1163 1474 1248 pertis
1489 1184 1544 1227 un.
1561 1162 1584 1227 f.
1601 1185 1642 1227 m.
1847 1156 1851 1163 ’

361 1276 504 1341 Thomas
520 1276 631 1341 Husee
648 1276 688 1341 de
705 1276 886 1363 Shepwyk‚
903 1276 938 1339 in
954 1276 1113 1341 comitatu
1131 1276 1280 1354 Dorsete,
1296 1275 1447 1363 armiger,
1463 1282 1557 1341 tenet
1581 1278 1764 1343 manerium
1779 1279 1820 1343 de

316 1366 597 1442 Nonrnnowonn,
613 1366 647 1429 in
663 1366 777 1431 eodem
792 1365 975 1443 hundredo,
992 1365 1081 1451 quod
1108 1388 1175 1430 non
1191 1370 1326 1431 tenetur
1342 1387 1401 1451 per
1416 1366 1592 1432 servicium
1617 1367 1771 1445 militare,
1786 1376 1820 1433 et

318 1455 408 1521 valet
423 1478 631 1543 perannum,
646 1456 736 1520 ultra
751 1455 894 1541 reprisas
1028 1492 1043 1503 -
1224 1495 1237 1506 ·
1387 1489 1403 1503 ·
1537 1492 1552 1504 ·
1597 1455 1658 1543 cvj.
1668 1479 1692 1523 a.
1708 1457 1778 1543 viij.
1787 1456 1819 1523 d.

362 1570 523 1636 Ricardus
547 1570 666 1636 Strode
682 1570 722 1635 de
738 1568 996 1657 Chalmyngt0n‚
1011 1569 1045 1632 in
1067 1569 1228 1635 comitatu
1244 1568 1394 1647 Dorsete,
1407 1570 1559 1657 armiger,
1576 1577 1668 1638 tenet
1691 1572 1822 1638 diversa

315 1668 419 1727 terras
444 1666 478 1726 et
504 1668 693 1725 tenementa
715 1660 750 1722 in
775 1660 952 1723 Pusuuau
976 1666 1010 1724 et
1026 1658 1233 1735 stsroxs,
1260 1659 1433 1724 incudem
1457 1660 1639 1739 hundredo,
1664 1683 1728 1747 que
1754 1684 1820 1728 uon

316 1756 473 1817 tenentur
488 1772 547 1837 per
562 1749 735 1815 servicium
753 1749 906 1825 militare,
922 1753 956 1814 et
974 1749 1087 1814 valent
1102 1770 1311 1835 perannum,
1327 1747 1418 1814 ultra
1433 1751 1575 1835 reprisas
1681 1790 1694 1801 -
1740 1752 1818 1818 mli.

360 1864 532 1930 Predictus
546 1864 717 1929 Johannes
733 1861 906 1929 Gheverell
922 1867 1014 1928 tenet
1030 1863 1163 1927 diversa
1185 1867 1292 1928 terras
1308 1869 1343 1929 61
1365 1868 1557 1929 1666166616,
1572 1864 1607 1929 16
1625 1864 1764 1931 866066
1786 1872 1821 1933 61

315 1956 522 2029 1111666616,
547 1955 582 2018 16
607 1954 719 2019 eodem
746 1952 929 2029 hundred0,
955 1974 1018 2038 que
1043 1974 1111 2018 non
1136 1959 1296 2019 tenentur
1322 1974 1382 2041 per
1406 1955 1584 2019 servicium
1618 1956 1820 2035 (6111166661

319 2046 433 2111 valent
448 2067 506 2131 per
521 2066 655 2115 annum,
671 2042 761 2109 ultra
777 2042 920 2129 reprisas
1056 2079 1069 2091 ·
1206 2082 1219 2094 ·
1355 2082 1368 2093 -
1549 2080 1563 2093 ·
1699 2083 1715 2097 ·
1759 2068 1819 2113 cs.

361 2160 533 2225 Predictus
562 2158 734 2223 Johannes
766 2157 875 2243 Roger
900 2160 994 2223 tenet
1020 2156 1153 2222 diversa
1180 2160 1286 2222 terras
1321 2163 1355 2223 et
1386 2162 1575 2224 tenementa
1597 2159 1633 2223 in
1659 2160 1820 2238 1166666,

315 2252 507 2315 Β1666166
523 2254 558 2314 et
566 2248 668 2325 Assa,
680 2248 716 2311 in
731 2247 844 2313 eodem
862 2245 1043 2323 hundredo,
1053 2268 1117 2332 que
1132 2268 1200 2311 non
1215 2251 1375 2313 tenentur
1390 2270 1448 2335 per
1472 2248 1647 2315 servicium
1664 2250 1820 2327 militare,

315 2346 350 2406 61
365 2340 479 2405 valent
495 2358 702 2425 perannum,
718 2338 809 2404 ultra
824 2338 968 2424 reprisas
1087 2381 1093 2387 -
1234 2372 1249 2384 ·
1384 2378 1396 2390 ·
1533 2377 1546 2387 -
1593 2338 1655 2424 cvj.
1666 2360 1689 2403 s.
1707 2339 1776 2425 viij.
1787 2338 1820 2407 (1.

313 2454 543 2541 [willelmus
560 2451 696 2536 Cheyne
711 2452 752 2517 de
772 2450 952 2517 Wodelond
967 2451 1004 2515 in
1018 2450 1180 2517 comitatu
1196 2450 1345 2530 Dorsete,
1357 2452 1513 2529 chivuler,
1526 2456 1620 2519 tenet
1634 2454 1818 2519 manerium

314 2545 355 2610 de
372 2544 596 2619 wmnnonn,
611 2542 646 2605 in
662 2542 776 2607 eodem
791 2541 975 2617 hundredo,
990 2562 1050 2626 per
1065 2540 1243 2606 servicium
1259 2541 1449 2608 medietatis
1464 2563 1518 2607 un.
1536 2541 1560 2608 f.
1576 2564 1617 2607 m.

359 2659 530 2724 Predictus
556 2658 699 2723 Thomas
722 2655 845 2732 Brouk,
861 2655 1015 2733 chivaler,
1032 2659 1125 2720 tenet
1147 2656 1294 2721 maneria
1309 2655 1350 2721 de
1365 2655 1614 2722 wrmmoron
1629 2662 1665 2723 et
1681 2656 1819 2724 comm

315 2750 350 2814 in
367 2750 479 2813 eodem
495 2745 680 2824 hundredo,
695 2767 755 2831 per
769 2744 944 2809 servicium
960 2765 1014 2809 66.
1033 2744 1058 2810 f.
1074 2767 1116 2808 m.

362 2860 547 2926 Willelmus
564 2857 730 2945 Tyderley
747 2858 787 2923 de
803 2856 998 2943 Tydemore,
1007 2858 1044 2921 in
1060 2859 1174 2922 eodem
1190 2857 1361 2937 comitatu,
1371 2858 1565 2944 gentssman,
1581 2866 1673 2928 16661
1687 2862 1819 2927 diversa

315 2956 422 3017 terras
438 2956 472 3015 61
498 2953 688 3015 1666166616
713 2947 748 3011 16
772 2946 972 3024 Τ6666666,
989 2947 1024 3010 16
1052 2947 1167 3012 ecdem
1195 2947 1379 3025 hundredo,
1394 2971 1459 3035 que
1484 2972 1552 3015 666
1578 2956 1736 3017 tenentur
1759 2973 1820 3037 per

314 3040 490 3108 servicium
507 3038 661 3117 militare,
677 3046 710 3104 et
727 3036 841 3104 valent
856 3058 915 3124 per
930 3058 1066 3115 annum,
1083 3037 1172 3103 ultra
1186 3037 1329 3125 reprime
1384 3074 1399 3087 ·
1536 3078 1549 3091 -
1595 3041 1656 3128 cvj.
1666 3064 1689 3107 s.
1707 3064 1775 3128 vuJ
1785 3040 1819 3108 (1.

360 3209 447 3276 Item
463 3207 603 3273 ulterius
618 3206 735 3273 dicunt
749 3204 890 3291 predicti
901 3204 1079 3290 juratores,
1096 3205 1186 3291 quod
1197 3229 1250 3269 :-

897 3491 1233 3577 [vurmnsrsn]

359 3665 524 3731 Henricus
551 3661 663 3745 Horsy
681 3657 721 3723 de
747 3654 896 3743 Clyiton,
921 3657 957 3720 in
983 3658 1144 3724 comitatu
1160 3657 1310 3735 Dorsete‚
1337 3660 1491 3748 armiger,
1518 3667 1610 3728 tenet
1635 3666 1817 3731 manerium

313 3778 409 3824 suum
426 3755 466 3818 de
482 3751 654 3825 CLYrrou,
670 3749 706 3811 16
720 3747 834 3812 eodem
850 3746 1032 3824 hundredo,
1048 3768 1108 3832 per
1123 3747 1302 3813 servicium
1318 3755 1438 3833 quarte
1454 3752 1560 3836 partis
1575 3773 1630 3819 66.
1647 3752 1669 3818 f.
1686 3777 1729 3821 m.

357 3869 536 3943 doirannes,
559 3865 710 3930 dominus
735 3862 775 3928 de
791 3859 942 3947 Typtoit,
959 3860 1117 3937 chivaler,
1132 3866 1227 3926 tenet
1253 3863 1442 3928 manerium
1469 3887 1566 3930 suum
1594 3867 1637 3933 de
1653 3867 1818 3947 1116616

313 3961 427 4030 eodem
443 3955 624 4031 hundredo,
641 3974 698 4040 per
713 3951 889 4018 servicium
906 3950 1007 4017 tercie
1024 3951 1131 4037 partis
1146 3973 1201 4016 un.
1218 3949 1241 4014 f.
1258 3973 1301 4016 m.

357 4076 527 4142 Johannes
543 4069 586 4136 W
587 4091 659 4134 arre
676 4067 716 4133 dc
727 4065 973 4143 Hestercombe,
985 4066 1021 4130 iu
1038 4065 1199 4132 comitatu
1215 4065 1410 4146 Somersete,
1419 4070 1572 4158 armiger,
1584 4076 1676 4137 tenet
1688 4074 1819 4140 diversa

312 4173 418 4234 terras
445 4169 479 4230 61
502 4162 693 4228 1666166616
715 4158 750 4221 16
769 4155 971 4234 Β6666666,
987 4155 1142 4222 Srrruuu
1165 4161 1200 4221 61
1223 4156 1330 4234 Β666,
1345 4158 1382 4223 16
1405 4159 1521 4224 eodem
1545 4159 1727 4241 hundredo,
1754 4187 1818 4251 que

311 4281 378 4325 666
394 4258 551 4323 tenentur
565 4271 625 4337 per
638 4247 814 4314 servicium
835 4245 988 4323 militare,
1004 4251 1040 4311 61
1054 4246 1170 4312 valent
1190 4267 1399 4333 perannum,
1414 4249 1505 4314 ultra
1520 4251 1662 4337 reprisas

1634 4365 1666 4407 x.
1681 4366 1817 4411 mamas.

355 4462 532 4530 Predictus
549 4453 757 4521 Humfredus
772 4451 926 4528 Stsfford,
943 4451 1102 4528 chivsler,
1117 4455 1210 4516 tenet
1236 4452 1368 4517 diversa
1392 4458 1499 4518 terras
1514 4459 1550 4519 61
1570 4460 1760 4524 1666166616
1781 4459 1816 4524 16

311 4556 483 4628 WYDEOK,
498 4551 534 4612 in
550 4547 664 4612 eodem
679 4542 861 4620 hundredo,
877 4565 937 4629 per
952 4540 1129 4607 servicium
1146 4549 1265 4627 qusrtc
1280 4542 1386 4627 partis
1402 4565 1458 4608 66.
1475 4542 1498 4608 f.
1513 4565 1555 4610 m

356 4665 449 4730 Idem
474 4657 679 4726 Humfredus
703 4659 796 4720 tenet
822 4654 1006 4720 manerium
1034 4654 1075 4718 de
1100 4652 1319 4730 simeones,
1347 4653 1383 4717 in
1410 4654 1525 4720 eodem
1551 4657 1733 4738 hundredo,
1759 4682 1819 4747 per

311 4754 488 4824 servicium
504 4753 621 4836 quarte
637 4745 742 4832 partis
757 4767 812 4808 un.
829 4743 853 4809 f.
869 4765 910 4807 m.

356 4869 526 4936 Predictus
564 4861 744 4936 Johannes,
774 4858 928 4922 dominus
965 4857 1006 4922 de
1037 4857 1208 4934 Arundell,
1238 4857 1394 4936 chivaler,
1428 4864 1521 4926 tenet
1558 4864 1743 4930 manerium
1775 4867 1816 4932 de

312 4964 514 5028 WoLcosfflE
531 4947 830 5024 11666666666,16
848 4947 961 5012 eodem
980 4947 1161 5026 hundred0,
1177 4969 1236 5035 per
1250 4949 1427 5014 servicium
1444 4971 1499 5014 un.
1517 4950 1540 5017 f.
1559 4975 1599 5018 m.

355 5073 527 5142 Predictus
550 5067 719 5132 Johannes
745 5063 928 5148 Brounyng
951 5066 1045 5126 16661
1059 5063 1243 5128 manerium
1266 5085 1363 5128 suum
1391 5064 1432 5130 de
1459 5065 1635 5133 Meuanas
1660 5067 1818 5148 036061),

309 5173 345 5236 16
373 5165 484 5232 eodem
510 5155 690 5229 hundred0,
728 5151 816 5238 quod
847 5171 914 5215 666
945 5156 1079 5217 tenetur
1108 5173 1168 5238 per
1198 5154 1374 5219 servicium
1398 5155 1552 5235 militare,
1583 5161 1618 5222 61
1644 5157 1735 5224 valet
1760 5183 1819 5245 per

310 5279 448 5332 annum,
463 5250 553 5316 ultra
569 5244 708 5330 reprisas
784 5277 798 5288 -
934 5281 946 5292 -
1082 5281 1093 5292 -
1235 5281 1243 5294 .
1381 5285 1394 5295 .
1530 5285 1545 5297 .
1590 5247 1686 5331 ong,
1703 5248 1817 5335 vii-gd,

357 5373 403 5437 Et
412 5364 553 5432 ulterius
564 5357 703 5447 predicti
715 5356 882 5442 juratores
898 5355 1022 5433 dicunt,
1035 5357 1124 5441 quod
1133 5378 1244 5422 omnes
1255 5378 1394 5443 persone
1406 5361 1636 5447 suprascripte,
1646 5369 1715 5426 tam
1727 5363 1821 5444 laice,

312 5485 410 5554 quam
438 5450 636 5544 spirituales,
660 5447 769 5514 seisitc
797 5445 935 5511 fuerunt
961 5445 997 5510 in
1021 5445 1187 5512 dominico
1211 5467 1272 5512 suo
1298 5451 1339 5512 61
1363 5448 1405 5514 (16
1431 5448 1535 5514 libero
1561 5456 1752 5519 tenemento
1775 5454 1819 5520 de
