4117 6200
894 614 976 680 Al).
1001 616 1096 682 1431.
1679 615 1740 678 361

283 907 328 971 Et
352 908 469 972 dicunt
482 906 619 971 ulterius
642 906 758 990 prefati
782 903 945 990 juratores
969 924 1066 988 super
1095 905 1222 968 dictum
1249 907 1487 970 sacramentum
1518 922 1626 981 suum,
1653 902 1740 986 quod

239 996 349 1059 omnia
374 995 516 1080 predicta
531 999 628 1074 terre,
644 1001 841 1070 tenemento,
855 997 889 1056 et
914 992 1072 1067 redditus,
1087 1013 1125 1056 ao
1149 994 1259 1055 omnia
1284 993 1349 1055 alia
1372 996 1467 1068 terre,
1492 995 1694 1066 tenemento,
1708 993 1744 1051 et

240 1081 397 1160 redditus,
422 1082 508 1148 infra
537 1081 661 1158 villam,
690 1084 726 1146 et
762 1080 949 1145 libertatem
979 1079 1056 1143 ville
1095 1078 1326 1162 Suthamptou'
1355 1078 1516 1162 predictas
1552 1077 1742 1155 existencia,

241 1174 393 1234 tenentur
406 1167 446 1233 de
461 1169 593 1232 domino
607 1172 715 1232 nostro
730 1187 803 1252 rege
818 1168 852 1230 in
867 1167 1035 1252 burgagio,
1050 1187 1108 1250 per
1134 1166 1272 1230 liberum
1296 1166 1470 1230 servicium
1499 1166 1594 1228 unius
1620 1164 1745 1228 denarii

243 1276 436 1341 perannum
449 1277 507 1341 pro
523 1257 613 1320 omni
627 1255 772 1335 servicio,
788 1259 823 1318 et
838 1274 905 1318 non
920 1274 977 1338 per
991 1253 1124 1338 aliquod
1140 1254 1314 1318 servicium
1330 1253 1484 1317 militare.

284 1393 339 1474 Et,
353 1392 439 1480 quod
464 1393 574 1458 nullus
596 1393 680 1457 alius
704 1391 806 1456 laicus
832 1391 941 1470 homo,
956 1391 1007 1455 vel
1033 1392 1165 1470 femina,
1180 1391 1235 1456 die
1250 1391 1387 1454 Veneris
1402 1390 1600 1475 supradicto,
1615 1390 1747 1453 seisitus

242 1480 308 1546 fuit
335 1481 377 1545 de
401 1480 563 1564 aliquibus
588 1481 694 1558 terris,
717 1481 924 1558 tenementis,
947 1480 1014 1544 sive
1042 1479 1220 1544 redditibus
1251 1478 1337 1542 infra
1361 1479 1473 1542 villam
1502 1484 1537 1541 et
1560 1477 1747 1542 libertatem

242 1568 328 1634 dicte
343 1568 421 1633 ville
435 1567 664 1655 Suthampton'
678 1566 907 1633 existentibus.

284 1705 328 1770 Et
342 1707 456 1770 dicunt
470 1705 607 1770 ulterius
617 1705 779 1789 juratores
793 1704 944 1784 predicti,
957 1702 1044 1788 quod
1064 1724 1176 1769 omnes
1191 1723 1325 1787 persone
1341 1701 1525 1787 supradicte
1541 1703 1595 1765 die
1610 1702 1746 1765 Veneris

242 1794 387 1876 proximo
400 1796 478 1858 ante
492 1793 615 1857 festum
639 1791 751 1856 Sancti
776 1791 918 1871 Hillarii,
941 1812 1026 1854 anno
1051 1792 1143 1874 regni
1169 1791 1250 1854 dicti
1275 1791 1400 1854 domini
1426 1791 1513 1874 regis
1537 1809 1624 1853 nuno
1650 1808 1747 1867 nono,

241 1879 394 1945 videlicet
416 1881 522 1964 primo
548 1881 602 1944 die
625 1878 737 1944 ultimi
762 1879 977 1962 parliamenti,
995 1879 1102 1942 scisiti
1126 1879 1260 1943 fuerunt
1286 1878 1326 1942 de
1340 1878 1439 1942 dictis
1454 1877 1621 1956 maneriis,
1640 1877 1748 1952 terris,

241 1968 438 2032 tenementis
451 1972 486 2032 et
498 1966 690 2046 redditibus,
706 1967 741 2030 in
754 1966 916 2030 dominico
932 1986 1003 2043 suo,
1017 1971 1056 2030 nt
1072 1966 1113 2030 de
1128 1966 1230 2030 libero
1251 1969 1451 2030 tenemento.

285 2103 326 2168 In
348 2104 439 2191 cnjus
462 2105 514 2170 rei
539 2103 776 2181 testimonium,
799 2105 868 2168 tarn
893 2103 1034 2187 predicti
1054 2101 1302 2182 comissionarii,
1317 2122 1416 2187 quarn
1431 2099 1552 2187 prelati
1570 2099 1744 2185 juratores,

242 2193 318 2259 huic
332 2191 540 2279 inquisicioni
555 2192 661 2277 sigilla
676 2211 735 2255 sua
749 2195 978 2277 apposuerunt.

286 2329 409 2396 Datum
422 2328 503 2411 loco,
517 2329 582 2410 die,
597 2333 631 2394 et
647 2349 743 2408 anno,
759 2327 965 2413 supradictis.

291 2833 468 2918 Inquisicio
481 2836 577 2916 capta
591 2833 679 2916 apud
697 2831 914 2914 Wyntoniam,
929 2831 984 2895 die
998 2831 1153 2895 Mercurii
1169 2831 1316 2914 proximo
1331 2835 1406 2913 post
1421 2831 1543 2893 festum
1566 2827 1752 2911 Epiphanio

248 2919 384 3002 domini,
400 2939 485 2983 anno
509 2920 600 3004 regni
622 2920 707 3004 rogis
721 2919 857 2984 Henrioi
873 2919 958 2983 sexti
973 2919 1108 2999 decimo,
1124 2938 1230 2982 coram
1246 2915 1396 2981 Johanne
1413 2916 1567 2995 Uvedale‚
1584 2914 1750 2980 Willelmo

249 3007 376 3089 Brooss,
388 3005 528 3070 Boberto
544 3005 862 3091 Dyngley,Jobanne
878 3004 980 3069 Rolrle
995 3027 1032 3070 ac
1048 3005 1295 3084 WalteroVeer‚
1305 3005 1495 3069 vicecomite
1509 3002 1752 3086 Suthampton'‚

248 3096 370 3160 virtute
394 3093 561 3159 literarum
584 3095 771 3179 patenoium
799 3093 924 3157 domini
954 3095 1041 3179 regis
1065 3093 1186 3157 eisdem
1211 3090 1365 3171 Johanni,
1386 3091 1566 3172 Willelmo,
1595 3090 1753 3170 Roberto,

247 3182 388 3247 Jobnnni
424 3202 462 3246 ac
499 3182 681 3246 vicecomiti
717 3182 927 3257 directarum,
963 3188 995 3244 et
1043 3178 1120 3243 huic
1168 3179 1379 3262 inquisicioni
1425 3184 1647 3255 consutorum,
1694 3199 1753 3262 per

247 3273 483 3334 sacramentum
497 3268 655 3333 Willelmi
677 3265 867 3353 Spersbnte,
892 3265 1053 3331 Johannis
1078 3266 1200 3350 Sylver,
1226 3265 1386 3329 Johannis
1410 3265 1564 3350 Frylond,
1589 3264 1751 3329 Johannis

247 3356 442 3437 Fauoonere,
456 3355 614 3421 Willclmi
640 3354 834 3434 Fauoonere,
850 3352 1000 3418 Nioholai
1023 3353 1196 3427 Banastre,
1211 3352 1371 3416 Johannis
1394 3352 1576 3436 Hampton,
1590 3352 1751 3421 Willelmi

249 3444 385 3523 Burton,
399 3442 522 3507 Tborne
538 3443 690 3522 Yerdele,
706 3442 865 3506 Willelmi
890 3439 1043 3519 Shirfeld,
1058 3440 1199 3504 Galfridi
1223 3440 1346 3524 Ingler,
1361 3444 1397 3503 et
1421 3440 1565 3524 Philippi
1591 3439 1755 3522 Baynard,

246 3531 432 3616 juratorum
458 3529 701 3595 hundredorum
730 3530 772 3594 de
801 3528 1040 3606 Portesdorvne,
1068 3526 1204 3611 Odyam‚
1229 3524 1498 3615 Fynch[esdene]
1526 3548 1563 3592 ac
1591 3527 1755 3593 libertatis
1884 3559 1888 3565 ’

248 3620 389 3704 episcopi
402 3617 655 3705 Wyntoniensis,
669 3618 727 3702 qui
741 3617 857 3682 dicunt
873 3636 968 3699 super
983 3622 1222 3679 sacramentnm
1237 3635 1344 3696 suum,
1361 3615 1446 3701 qnod
1460 3639 1513 3681 :—

661 3802 897 3894 [Hunnannnn
920 3825 964 3872 ns
987 3800 1357 3890 PORTESDOWNE]

292 3942 454 4025 Jobauna,
479 3943 607 4009 ducissa
631 3943 778 4022 Eboraci,
805 3944 866 4008 die·
883 3941 1020 4007 Veneris
1046 3943 1193 4027 proximo
1219 3945 1298 4005 ante
1327 3939 1450 4003 festum
1481 3939 1594 4004 Sancti
1623 3940 1756 4003 Hillarii

251 4032 407 4097 ultimum
443 4032 638 4116 preteritum
668 4032 733 4095 init
762 4030 885 4109 seisita,
917 4037 955 4094 ut
992 4029 1035 4094 de
1073 4029 1172 4093 libero
1201 4032 1401 4107 tenemento,
1429 4028 1469 4091 de
1498 4028 1643 4091 manerio
1678 4024 1750 4114 [de]

251 4120 492 4199 Bsnnsnswm
506 4139 582 4184 cnm
596 4118 818 4203 pertinenciis,
835 4117 922 4202 qnod
937 4122 1068 4181 tenetur
1083 4136 1140 4200 per
1154 4116 1328 4179 servicium
1345 4135 1402 4180 un.
1419 4114 1443 4179 f.
1459 4135 1507 4179 m.
1521 4115 1655 4197 integri.

294 4253 451 4319 Ricardus
481 4252 582 4318 Holte
612 4252 652 4317 de
683 4250 847 4335 Oolrythe,
873 4250 913 4315 de
942 4253 1103 4315 comitatu
1131 4249 1288 4335 predicto,
1314 4250 1506 4335 gentilman,
1533 4250 1679 4333 predicto
1705 4250 1759 4314 die

251 4341 399 4419 Veneris,
413 4340 564 4405 videlicet
590 4340 694 4423 primo
718 4339 774 4404 die
800 4338 1022 4423 parliamenti,
1039 4338 1105 4401 init
1129 4338 1259 4402 seisitus
1279 4342 1317 4401 ut
1332 4338 1372 4401 de
1387 4338 1490 4401 libero
1505 4342 1702 4418 tenemento,
1718 4337 1759 4400 de

252 4429 400 4493 manerio
416 4428 457 4492 de
472 4428 621 4508 Bnnsnr,
635 4425 723 4512 qnod
737 4430 869 4491 tenetur
884 4446 941 4509 per
956 4426 1129 4490 servicium
1143 4425 1189 4490 di.
1206 4425 1230 4491 f.
1247 4444 1294 4491 m.

296 4563 403 4629 Abbas
417 4562 458 4627 de
468 4561 657 4647 Tyoheleld,
665 4563 701 4629 in
710 4564 870 4628 comitatu
881 4562 1037 4648 predicto,
1044 4566 1137 4626 tenet
1153 4560 1365 4626 medietatem
1377 4580 1434 4625 un.
1446 4560 1470 4624 f.
1484 4560 1576 4625 min
1589 4561 1760 4628 Ponrnsnr

254 4656 288 4716 et
304 4650 492 4729 corstona,
506 4650 702 4736 adquisitam
716 4671 776 4735 per
793 4647 864 4731 (sic)
882 4669 1005 4715 annum
1021 4650 1214 4714 vicesimum
1230 4648 1380 4711 Edwardi
1396 4648 1505 4732 primi.

297 4788 388 4853 Prior
410 4788 450 4853 de
479 4786 670 4873 Suthvrylre,
693 4787 735 4853 de
759 4789 920 4853 comitatu
949 4789 1110 4871 predicto,
1133 4791 1238 4864 tenet,
1264 4790 1337 4870 post·
1362 4786 1488 4850 dictum
1512 4803 1635 4848 annum
1663 4790 1761 4848 ruffi

254 4877 466 4963 adquisitum,
481 4897 537 4942 un.
554 4874 578 4943 f.
596 4896 641 4942 m.
658 4877 826 4961 integrum
842 4877 878 4941 in
893 4876 1106 4945 Bonsnunnn
1121 4876 1265 4942 Hannon
1282 4878 1316 4937 et
1332 4873 1540 4940 Bounuourn
1555 4872 1734 4957 Haasssu.

297 5011 461 5078 Johannes
476 5010 617 5078 Uvedale
632 5012 673 5077 de
689 5011 880 5096 Wylreham,
896 5012 1036 5077 indicto
1062 5013 1232 5092 comitatu,
1261 5031 1388 5095 squyer,
1416 5015 1520 5086 tenet,
1534 5014 1574 5074 ut
1599 5011 1640 5075 de
1662 5010 1762 5077 libero

255 5104 455 5179 tenemento,
469 5101 652 5165 manerium
668 5100 708 5165 de
723 5100 885 5180 Wrosns,
900 5122 955 5185 per
970 5100 1142 5165 servicium
1157 5105 1273 5184 quarte
1288 5100 1392 5183 partis
1407 5119 1464 5164 un.
1480 5098 1504 5163 f.
1521 5118 1566 5164 m.

300 5239 484 5305 Willelmus
500 5240 616 5325 Wayte
643 5238 684 5304 de
699 5240 895 5319 Denemede,
910 5240 951 5304 de
975 5240 1137 5304 comitatu
1160 5239 1319 5323 predicto,
1344 5236 1538 5322 gentilman‚
1552 5240 1652 5315 tenet,
1669 5240 1708 5300 ut
1722 5236 1762 5300 da

255 5328 359 5393 libero
381 5332 581 5406 tenemento,
605 5328 787 5393 manerium
811 5327 852 5392 de
874 5327 1086 5404 wunnerus,
1110 5347 1184 5391 cnm
1212 5325 1436 5411 pertinenciis,
1461 5323 1548 5407 quod
1570 5327 1701 5387 tenetur
1726 5325 1762 5387 in

256 5417 395 5501 magio,
409 5419 444 5481 et
459 5416 545 5483 valet
556 5416 654 5501 juxta
667 5436 790 5480 anunm
806 5435 917 5479 verum
934 5415 1087 5494 valorem,
1102 5415 1189 5478 ultra
1203 5433 1315 5478 omnes
1329 5412 1478 5495 reprmaa
1493 5409 1706 5476 racionabiles
1728 5415 1763 5475 et

258 5502 461 5583 necessarias,
476 5508 610 5571 centum
625 5502 756 5571 solidos.
