4117 6200
293 615 357 678 828
963 609 1123 678 ΗΑΝΤΒ.

332 901 423 965 Prior
437 901 663 966 Bathouisnsis
676 904 773 966 tonet
785 901 822 965 iu
836 901 1020 967 Krarvuuu
1034 907 1069 964 et
1084 900 1198 968 Lnrou
1213 900 1259 964 di.
1276 900 1301 965 i.

330 1037 510 1124 Episcopus
526 1037 778 1105 saresboriensis
793 1042 885 1104 tenet
898 1040 934 1103 iu
949 1040 1103 1106 Bronsuo
1118 1043 1153 1104 ot
1168 1039 1345 1106 annorou
1360 1037 1406 1104 di.
1426 1038 1450 1103 i.

336 1176 519 1241 Willelmus
533 1176 574 1240 de
587 1177 764 1257 Bouolond,
781 1177 928 1262 Rogatus
941 1176 972 1240 le
989 1177 1112 1261 Lange,
1129 1176 1285 1241 Ricardus
1300 1176 1341 1241 de
1357 1174 1524 1254 Famhull,
1540 1173 1726 1260 Margarots
1752 1171 1792 1236 do

293 1263 519 1345 Buttesthoru,
534 1263 697 1328 Johaunes
710 1264 753 1329 dc
777 1263 994 1338 Buttesthorn
1018 1269 1053 1329 et
1077 1263 1217 1329 Thomas
1236 1264 1393 1350 Reyuold,
1407 1269 1522 1328 tenent
1536 1262 1573 1325 in
1587 1263 1792 1340 Aaunwonn,

293 1351 765 1503 ffifflgffipfflmsm’
790 1352 985 1432 Bnnuurou,
1008 1357 1043 1417 et
1069 1353 1186 1420 Noura
1213 1351 1341 1431 Swurn,
1365 1371 1422 1418 uu.
1438 1351 1462 1416 i.
1478 1350 1566 1434 quod
1580 1349 1645 1413 fuit
1659 1346 1792 1413 Ricardi

338 1574 430 1641 Prior
445 1575 628 1660 Hospitalis
644 1574 754 1642 Sancti
771 1575 792 1638 J
793 1573 930 1640 ohannis
945 1576 1121 1640 Jerusalem
1136 1577 1174 1642 in
1186 1577 1307 1663 Augila
1321 1580 1412 1641 tenet
1426 1578 1460 1641 iu
1483 1575 1693 1644 Mumronn
1707 1572 1792 1658 iiij·¹·

298 1667 426 1746 portem
437 1661 464 1746 j.
481 1661 505 1728 f.
521 1663 608 1746 quod
622 1663 688 1729 fuit
704 1664 854 1748 magistri
868 1664 990 1729 milicie
1004 1664 1143 1748 Templi.

228 1785 233 1793 ’
336 1799 502 1865 Johauues
517 1798 722 1877 Chaunflour,
737 1799 860 1864 Editha
875 1801 1009 1865 Peverel
1024 1806 1059 1865 et
1073 1800 1259 1886 Margareta
1274 1803 1314 1867 de
1330 1801 1524 1886 Grymstode
1540 1804 1633 1865 toust
1655 1797 1727 1880 (oio)
1755 1800 1792 1862 in

295 1887 411 1954 Arnus
437 1893 472 1951 et
499 1887 700 1954 anaurou
724 1893 811 1972 ruJ⁸¹²¹
835 1893 962 1971 partem
990 1894 1023 1968 (“
1034 1894 1100 1952 tres
1126 1889 1258 1972 partcs”
1272 1888 1407 1956 scrittori
1430 1893 1517 1969 over)
1540 1888 1569 1972 j.
1585 1888 1609 1953 f.
1625 1886 1712 1973 quod
1727 1885 1792 1951 fuit

294 1974 429 2039 Heurici
443 1975 484 2038 de
499 1974 686 2059 Thysleden
700 1983 735 2040 et
750 1976 873 2040 Thome
887 1974 1101 2042 Chauoombe.

295 2111 446 2264 Adgups
460 2110 502 2176 de
516 2113 670 2181 damaris
684 2118 777 2178 tenet
792 2114 828 2177 in
843 2113 985 2182 Hannon
1011 2115 1100 2200 iiij*
1123 2121 1248 2200 partem
1271 2137 1328 2183 uu.
1345 2115 1369 2183 f.
1384 2103 1471 2201 duod
1495 2114 1562 2179 fuit
1588 2111 1727 2178 Galiridi
1751 2111 1792 2176 ds

323 2220 456 2266 umaro.

336 2337 521 2402 Willalmus
537 2337 704 2423 Melebury
718 2341 808 2405 tenet
824 2341 859 2405 in
875 2341 991 2408 Arnus
1006 2340 1052 2407 di.
1069 2341 1093 2406 f.
1110 2341 1195 2426 quod
1211 2342 1275 2407 luit
1290 2343 1411 2429 Rogeri
1426 2341 1467 2406 da
1483 2339 1659 2425 Melebury.

335 2475 495 2542 Robertus
518 2476 668 2563 Salyman
692 2482 728 2543 et
751 2478 889 2543 Thomas
914 2479 1086 2565 Dagworth
1114 2484 1227 2545 tenent
1249 2481 1284 2544 iu
1311 2481 1459 2549 florem
1483 2479 1529 2544 di.
1556 2478 1580 2546 f.
1606 2476 1692 2564 quod
1718 2474 1796 2554 suit,

295 2562 444 2630 Johanne
460 2563 598 2630 Botiller
612 2569 649 2629 et
663 2565 796 2629 Heurici
811 2566 961 2650 Moneye.

335 2700 492 2766 Ricardus
517 2700 557 2766 ds
582 2699 741 2766 Famhull
765 2708 799 2766 et
822 2702 984 2767 Hauricus
1009 2704 1185 2770 Gundevill
1210 2709 1328 2771 tenent
1352 2707 1389 2769 in
1406 2705 1601 2776 Wrnonrou
1617 2707 1653 2769 et
1671 2702 1792 2771 Soura·

295 2809 490 2858 morrono
505 2789 550 2854 di.
567 2790 591 2856 f.
606 2789 693 2874 quod
708 2789 772 2853 fuit
788 2789 944 2854 Willelmi
960 2791 1147 2858 Gundsvill.

339 2927 520 2994 Mauricius
542 2927 574 2991 le
597 2927 708 3011 Bruyu
736 2932 830 2993 tenet
854 2930 887 2991 iu
914 2929 1401 3011 Erramuwnsrnnauurou,
1418 2935 1453 2996 st
1471 2915 1693 2998 osuorcssa's
1706 2925 1751 2993 di.
1768 2926 1792 2992 f.

297 3015 384 3101 quod
399 3015 464 3080 fuit
479 3013 586 3081 Isolde
601 3013 722 3101 Bruyu.

338 3152 438 3240 Hugo
453 3155 494 3218 de
510 3154 691 3239 courtenay
707 3159 797 3220 tenet
812 3158 847 3220 in
864 3156 954 3225 Nova
970 3157 1176 3227 armosos
1192 3157 1237 3225 di.
1253 3160 1277 3224 f.

336 3291 381 3355 lit
408 3291 523 3357 dicum
549 3313 605 3377 per
627 3300 864 3359 sacramentum
889 3316 983 3362 suum
1007 3297 1095 3381 quod
1121 3318 1186 3363 non
1216 3301 1293 3361 aaut
1322 3296 1415 3383 plura
1444 3295 1535 3362 feoda
1563 3297 1622 3359 aut
1655 3292 1795 3379 parcella

294 3378 463 3443 feodorum
480 3380 516 3442 in
530 3378 708 3445 hundredis
721 3384 886 3467 predictis.

340 3514 379 3579 Iu
395 3515 488 3601 cujus
516 3518 565 3583 rei
600 3520 827 3583 testimonium
864 3522 1002 3605 predicti
1035 3523 1196 3607 juratores
1234 3522 1310 3588 huic
1345 3520 1555 3607 inquisicioui
1593 3519 1701 3605 sigilla
1737 3539 1795 3584 sua

295 3610 529 3689 apposuerunt.
574 3604 697 3671 Datum
712 3608 777 3686 die,
789 3607 858 3674 loco
873 3614 908 3673 et
922 3629 1007 3673 anuo
1023 3610 1228 3695 supradictis.

344 4112 525 4202 laquiricio
561 4122 657 4201 capta
694 4137 801 4181 coram
839 4118 982 4182 ilenrico
1020 4117 1167 4201 stormy,
1197 4123 1231 4181 et
1262 4116 1403 4181 Roberto
1433 4114 1474 4177 de
1507 4113 1625 4177 Sancto
1654 4109 1797 4173 Menisco

298 4203 525 4270 collectoribus
551 4204 752 4268 rationabilis
779 4206 894 4268 auxilii
921 4204 1054 4270 domino
1079 4207 1146 4291 regi
1173 4206 1327 4281 concessi,
1340 4202 1381 4267 ad
1407 4200 1664 4286 primogenitum
1688 4196 1795 4260 filium

298 4312 393 4357 suum
430 4292 571 4357 militam
609 4292 807 4369 faciendum,
836 4313 893 4377 per
928 4295 1186 4357 commissionem
1222 4291 1348 4357 domini
1376 4290 1464 4374 regis
1492 4288 1675 4371 assignatis,
1705 4283 1794 4368 apud

298 4378 519 4464 Wyutouiam,
535 4378 590 4443 die
607 4378 700 4442 Lune
716 4382 861 4463 proximo
875 4385 950 4463 post
964 4382 1084 4444 festum
1100 4380 1211 4445 Sancti
1227 4378 1388 4465 Gregorii,
1402 4397 1493 4461 pape,
1503 4394 1589 4439 anuo
1602 4372 1696 4457 regui
1710 4371 1795 4457 regis

298 4465 447 4531 Edwardi
461 4467 589 4530 terciia
614 4474 793 4549 conquestu
808 4467 923 4552 Anglie
940 4468 1093 4532 vicesimo
1116 4470 1233 4553 primo,
1258 4488 1315 4551 per
1339 4467 1577 4529 sacramentum
1600 4458 1728 4523 Ricardi
1755 4458 1795 4520 ds

298 4551 457 4631 Beuham,
482 4552 641 4617 iohannis
665 4552 782 4633 Goion,
807 4553 937 4617 Ricardi
961 4553 1155 4633 Chaumber,
1177 4553 1335 4618 Johaunis
1358 4546 1618 4628 anoheirenssh,
1634 4545 1794 4611 willelmi

298 4639 410 4721 Stulte,
428 4640 584 4705 Johanuis
600 4644 670 4704 atte
685 4640 800 4721 Hurst,
817 4640 974 4704 Johannis
989 4641 1187 4727 Tilleburgh‚
1202 4640 1335 4704 Heurici
1350 4639 1390 4703 de
1406 4632 1792 4720 Marleburgh‚Willelmi

296 4728 451 4805 Laurens,
472 4728 607 4792 Heurici
629 4727 661 4791 le
691 4727 807 4808 Baker,
833 4727 989 4796 Willelmi
1013 4729 1045 4792 le
1070 4728 1225 4811 Botallyr,
1251 4732 1285 4791 at
1308 4724 1456 4811 Philippi
1481 4724 1522 4790 de
1546 4722 1706 4803 Statua,
1722 4719 1795 4803 quit

297 4814 411 4879 dicunt
425 4834 519 4899 super
534 4822 771 4880 sacramentum
786 4835 894 4893 suurn,
908 4815 992 4900 quod
1007 4815 1042 4879 in

794 5106 985 5177 Huunaano
1007 5130 1052 5177 nn
1076 5106 1293 5179 OVERTON.

332 5266 515 5333 Wiltclmus
528 5272 597 5333 atte
612 5269 728 5334 Moure
742 5274 833 5337 tenet
848 5273 885 5336 in
901 5273 1034 5342 Trunca
1049 5274 1094 5341 di.
1112 5276 1135 5340 t.
1151 5274 1236 5360 quod
1251 5274 1316 5339 tuit
1330 5268 1488 5338 iohannis
1503 5268 1564 5334 filii
1578 5262 1766 5353 Regiusldi.

341 5400 491 5469 Jolranna
514 5428 577 5491 que
600 5407 667 5473 fuit
689 5428 768 5475 uxor
790 5410 950 5478 Johsnuis
975 5413 1017 5477 de
1045 5412 1172 5479 Roches
1186 5416 1277 5480 tenet
1301 5412 1337 5478 in
1352 5410 1509 5481 Burnum
1525 5408 1570 5476 di.
1586 5406 1610 5474 f.
1627 5404 1712 5493 quod
1727 5401 1794 5469 fuit

295 5490 454 5559 Johsonis
467 5492 509 5559 dc
522 5492 658 5561 Rochoa
