4117 6200
916 595 1000 662 al),
1024 593 1120 662 1428.

308 882 455 948 Ecclesia
472 884 591 951 Sason
607 885 773 952 Josmms
788 883 874 950 valet
889 903 1083 969 perannum
1099 903 1151 949 xx.
1159 902 1186 948 s.

268 1019 453 1170 dEcclesia
479 1020 598 1090 sicca
620 1021 807 1090 Lsussscn
821 1021 909 1086 salet
935 1041 992 1106 per
1015 1040 1140 1086 annum
1165 1039 1220 1086 sex
1243 1037 1376 1099 marcas,
1403 1037 1458 1083 sex
1485 1016 1614 1102 solidos,
1636 1020 1672 1083 ct
1686 1017 1760 1081 ocio

289 1127 423 1176 samos.

167 1316 170 1320 Α
309 1245 455 1313 Ecclesia
469 1248 610 1316 Omns
628 1248 825 1317 Smcsosuu
841 1248 929 1315 valet
944 1268 1002 1334 per
1018 1267 1140 1313 annum
1155 1267 1210 1313 sex
1224 1265 1359 1316 marcas.

312 1383 353 1448 In
367 1384 469 1471 cujus,
486 1384 545 1454 &e

824 1636 955 1705 exmia
976 1635 1217 1706 WINTONIE.

313 1772 489 1856 Inquisicio
513 1779 608 1856 capta
631 1774 720 1858 apud
743 1773 962 1859 wyntoniam‚
986 1775 1079 1860 xviij⁰
1095 1774 1150 1839 dic
1177 1773 1269 1851 Maii,
1291 1792 1377 1837 anno
1398 1772 1491 1859 regni
1515 1771 1603 1858 regis
1628 1769 1765 1836 Henrici

269 1860 353 1923 sexti
376 1863 451 1944 post
475 1866 687 1944 conquestum
712 1865 814 1940 saxio,
840 1881 949 1926 coram
972 1859 1123 1926 Johanne
1147 1865 1217 1927 stis
1239 1859 1365 1946 Burgh,
1388 1859 1527 1947 Eicardo
1550 1859 1700 1945 Tystede,
1732 1865 1766 1923 el

270 1947 364 2010 sociis
392 1949 470 2026 suis,
497 1949 781 2012 commissionariis
810 1948 937 2013 domini
964 1951 1064 2035 regis,
1088 1951 1212 2014 virtuts
1235 1947 1438 2033 quarundam
1464 1947 1632 2012 literarum
1663 1947 1766 2030 ipsius

269 2036 355 2118 regis
368 2037 555 2117 patencium
569 2037 617 2099 eis
640 2036 717 2100 inde
742 2036 951 2116 directarum,
971 2042 1005 2101 et
1029 2035 1094 2100 hiis
1119 2037 1225 2101 liberis
1248 2036 1437 2119 patentibus
1462 2038 1683 2113 consulatum,
1708 2053 1766 2117 per

270 2125 506 2186 sacramentum
535 2121 694 2187 Johannis
722 2123 825 2207 Mysi,
849 2122 972 2188 Thoms
1001 2123 1090 2203 Bole,
1121 2121 1280 2188 Johannis
1305 2123 1415 2207 Hylle,
1436 2121 1596 2186 Johannis
1625 2122 1765 2199 Duttoa,

269 2206 391 2273 Thome
415 2208 591 2292 Gardyncs
616 2210 772 2275 Johannis
797 2209 930 2288 Perkes,
954 2209 1079 2276 Thoms
1103 2211 1248 2291 Bounde,
1271 2210 1396 2276 Thome
1421 2209 1581 2294 Malteby,
1606 2207 1766 2272 iohannis

271 2295 424 2381 Hyndon,
452 2296 566 2362 Jacobi
597 2296 698 2377 Scias,
722 2295 881 2363 Johannis
910 2298 1068 2384 Bysshop,
1095 2303 1129 2362 el
1153 2298 1311 2363 Willelmi
1333 2297 1422 2378 Polo,
1446 2298 1504 2383 qui
1527 2297 1643 2362 dicunt
1671 2315 1767 2380 super

273 2388 509 2449 sacramentum
522 2405 618 2449 suum
632 2385 718 2470 quod
728 2407 782 2449 :—

314 2519 435 2585 Omnes
475 2521 608 2586 ecclesie
649 2521 732 2585 inira
767 2523 935 2587 civitatem
964 2524 1149 2592 Wsssosss
1185 2523 1307 2603 velent,
1348 2521 1445 2608 juxta
1480 2541 1591 2588 verum
1629 2520 1769 2586 valorem

271 2608 456 2686 earundem,
470 2612 567 2692 prout
582 2609 717 2675 inferius
732 2614 835 2694 patei,
850 2611 1005 2676 videlicet
1017 2634 1070 2675 :-

314 2746 460 2810 Ecclesia
486 2746 605 2816 sinen
630 2747 816 2816 Licasscn
840 2749 877 2812 in
900 2747 1014 2814 eadem
1039 2749 1174 2814 civitate
1197 2747 1286 2814 vales
1310 2768 1369 2835 per
1393 2767 1529 2827 annum,
1539 2745 1636 2835 juxta
1656 2766 1767 2812 sarum

273 2833 414 2898 valorem
428 2831 587 2918 ejusdem,
603 2836 648 2903 ix.
664 2854 801 2903 marcas.

316 2968 461 3034 Ecclesia
486 2970 605 3039 Sason
628 2972 774 3040 Gsoacn
803 2974 838 3036 in
868 2973 980 3038 eadem
1007 2973 1143 3039 civitate
1173 2972 1258 3040 valet
1287 2994 1344 3058 per
1372 2993 1506 3054 anuum,
1530 2972 1627 3060 juxta
1656 2992 1770 3038 verum

274 3058 416 3123 morem
431 3056 590 3144 ejusdem,
605 3059 662 3145 vij.
679 3080 814 3128 marcas.

318 3197 460 3260 Ecclesia
491 3196 610 3266 Sason
635 3198 797 3265 Maumcn
822 3200 858 3263 iu
887 3199 1001 3264 eadem
1029 3200 1164 3265 uisitata
1190 3199 1277 3265 valet
1301 3220 1357 3284 per
1379 3219 1515 3279 annum,
1536 3198 1633 3284 juxta
1659 3218 1771 3263 verum

277 3284 418 3349 valorem
432 3282 589 3369 ejusdem,
602 3284 713 3370 iiijli.
730 3286 808 3369 vic.
825 3284 937 3372 viij.d.

319 3422 462 3486 Ecclesia
479 3422 597 3491 Sascss
613 3424 789 3491 Pmosscn
804 3425 888 3489 valet
904 3444 962 3510 per
975 3445 1110 3504 annum,
1118 3426 1216 3511 juxta
1231 3446 1342 3491 verum
1357 3427 1500 3491 valorem
1516 3423 1672 3510 ejusdem,
1687 3424 1732 3489 xl.
1744 3442 1771 3489 s.

321 3560 466 3625 Ecclesia
487 3562 601 3628 Bassa:
626 3561 739 3627 Massa
764 3583 809 3627 sa
834 3564 1006 3631 Kaaanms
1030 3566 1065 3627 in
1080 3564 1194 3630 eadem
1209 3566 1342 3632 civitate
1355 3565 1443 3631 salet
1458 3585 1516 3649 per
1531 3583 1667 3643 annum,
1677 3562 1775 3648 juxta

278 3668 386 3713 veram
400 3648 541 3712 valorem
556 3648 712 3733 ejusdem,
726 3648 806 3716 xla,

321 3788 466 3851 Ecclesia
482 3786 601 3855 Sason
615 3788 720 3854 Pam
735 3809 770 3855 m
786 3789 956 3857 Maoams
972 3790 1006 3854 in
1031 3791 1144 3857 cadem
1169 3791 1303 3857 civitate
1326 3791 1414 3857 valet
1438 3811 1495 3876 per
1521 3810 1656 3868 annum,
1678 3788 1774 3875 juxta

279 3895 392 3939 verum
407 3875 549 3940 valorem
564 3875 721 3959 ejusdem,
734 3897 786 3941 xv.
794 3897 820 3942 s.

321 4013 466 4077 Ecclesia
496 4012 614 4080 sinen
643 4016 795 4081 Asinam
825 4016 860 4079 in
890 4015 1004 4080 eadem
1027 4018 1161 4082 civitate
1186 4017 1274 4082 valet
1303 4037 1359 4101 per
1385 4036 1518 4095 annum,
1538 4015 1638 4099 juxta
1663 4035 1774 4078 verum

281 4102 418 4165 valorem
433 4100 590 4184 ejusdem,
606 4122 694 4166 sss.
1471 4122 1475 4128 ·

323 4238 467 4304 Ecclesia
491 4240 531 4302 de
552 4238 828 4307 Oosasosssasss
850 4242 886 4304 in
912 4240 1026 4306 eadem
1050 4242 1185 4306 civitate
1198 4242 1288 4307 valet
1311 4260 1525 4326 perannum,
1547 4241 1561 4325 j
1568 4244 1645 4305 uxta
1665 4259 1775 4303 verum

280 4326 419 4391 valorem
434 4326 589 4411 ejusdem,
604 4326 711 4411 xiij.s.
728 4325 832 4410 iiij.d.

322 4464 367 4527 Et
389 4463 506 4527 dicunt
530 4482 627 4545 super
650 4470 885 4529 sacramentum
908 4484 1004 4529 suum
1027 4465 1113 4550 quod
1136 4486 1203 4531 non
1226 4465 1575 4551 sunlpluresscclesis
1592 4464 1777 4529 incivitate

281 4552 427 4634 predicta
441 4571 503 4634 que
518 4550 649 4614 extendi
663 4571 721 4615 seu
735 4554 838 4615 taxari
854 4558 1001 4636 possunt.

324 4688 365 4752 In
379 4687 471 4772 cujus
484 4689 530 4751 rei
544 4688 768 4753 testimonium
778 4688 882 4775 jurati
896 4691 1036 4775 predicti
1050 4692 1126 4758 huic
1136 4692 1345 4777 inquisicioni
1355 4692 1462 4777 sigilis
1474 4712 1533 4757 sua
1545 4696 1775 4776 apposuerunt.

281 4776 404 4842 Datum
419 4776 484 4856 dis,
499 4776 579 4854 loco,
593 4782 628 4841 ct
642 4796 726 4843 anno
741 4779 946 4863 supradictis.

325 5002 502 5088 Inquisicio
524 5007 620 5088 capta
641 5005 727 5089 apud
742 5004 964 5092 Bssyngstoke
988 5007 1025 5070 in
1040 5008 1200 5072 comitatu
1222 5005 1458 5091 Sulhamptoa',
1474 5001 1590 5091 xxii1j⁸⁰
1605 5004 1658 5069 die
1674 5004 1780 5079 lunii,

283 5111 367 5155 anno
403 5092 495 5176 regni
529 5093 616 5177 regis
645 5092 780 5157 Hearici
816 5096 902 5158 sexti
938 5104 1039 5176 sexto,
1071 5116 1178 5159 coram
1208 5094 1347 5161 Robertc
1376 5094 1468 5180 Peny
1502 5097 1538 5157 et
1577 5094 1671 5158 sociis
1712 5092 1779 5154 suis

283 5180 569 5243 commissionariis
606 5179 731 5245 domini
767 5181 870 5245 nostri
906 5183 992 5267 regis
1026 5184 1152 5248 virtute
1205 5183 1375 5247 literarum
1420 5182 1608 5265 patencium
1658 5177 1780 5243 eisdem

283 5267 492 5345 directarum,
521 5288 577 5352 per
606 5272 842 5333 sacramentum
878 5267 1038 5332 Johannis
1066 5269 1229 5353 Waspsyl,
1261 5270 1415 5333 Willelmi
1455 5267 1619 5351 Shyrield‚
1657 5264 1780 5328 Thome

284 5356 444 5440 Heryerd,
468 5354 489 5418 J
492 5356 628 5419 ohannis
650 5355 759 5437 Perot,
784 5354 943 5421 Johannis
969 5355 1084 5437 Leche,
1101 5357 1231 5421 Ricardi
1247 5354 1456 5436 Cottesmore,
1476 5356 1630 5418 Willelmi
1646 5352 1781 5436 Poleyn,

282 5441 407 5507 Thoms
437 5441 621 5525 Marchant,
648 5442 769 5528 Regeri
791 5444 971 5530 Langrede,
998 5444 1153 5509 Willelmi
1176 5445 1313 5529 Savage,
1340 5443 1499 5509 Johannis
1525 5441 1728 5518 Waterende‚
1741 5447 1777 5504 et

284 5530 414 5596 Ricardi
428 5530 548 5618 Dyker,
565 5533 622 5616 qui
637 5531 753 5598 dicunt
767 5552 862 5617 super
877 5536 1115 5598 sacramentum
1131 5553 1238 5615 suum,
1254 5532 1341 5617 quod
1350 5554 1405 5597 :-
