4117 6200
858 621 941 685 Aa).
973 621 1197 685 laos-1804.

846 1037 943 1106 A.D.
973 1036 1253 1107 1303-1304.

321 1245 508 1321 Edwardus,
522 1246 576 1307 dei
590 1247 697 1328 gratia
712 1266 767 1307 rex
782 1245 909 1328 Anglie,
925 1246 1075 1309 domiuus
1092 1246 1249 1309 Hibemie
1265 1250 1300 1308 et
1315 1246 1381 1307 dux
1396 1245 1583 1327 Aquitania,
1597 1244 1725 1307 dilectis
1739 1248 1773 1307 ct

276 1333 422 1395 fidelibus
437 1335 503 1395 suis
512 1334 693 1395 vicecomiti
707 1332 910 1395 Gloucestrie
925 1333 1106 1397 etRicardo
1120 1334 1160 1396 de
1173 1332 1312 1415 Croupes
1327 1332 1368 1396 ad
1383 1332 1541 1395 auxilinm
1556 1333 1773 1415 qnadraginta

277 1420 449 1482 solidorum
464 1421 555 1482 nobis
570 1420 610 1482 de
628 1420 764 1503 singulis
779 1419 881 1481 feodis
897 1420 1043 1483 militum
1059 1422 1091 1483 in
1106 1441 1203 1505 reguo
1219 1426 1337 1497 nostro,
1348 1420 1388 1482 ad
1405 1420 1654 1503 primogenitam
1670 1418 1770 1482 filiam

277 1513 418 1570 nostram
458 1508 684 1584 maritandam,
720 1527 821 1590 nuper
857 1528 1043 1570 concessum
1079 1509 1114 1571 in
1150 1508 1310 1571 comitatu
1345 1508 1492 1589 predicto
1529 1506 1701 1569 levandum
1737 1511 1771 1570 et

277 1593 495 1678 colligendum
510 1595 690 1678 assignatis,
707 1594 857 1658 salntem.
902 1594 951 1656 Ex
966 1595 1097 1677 querela
1111 1594 1226 1659 dilecte
1241 1594 1333 1657 nobis
1348 1595 1381 1657 in
1398 1593 1525 1657 Christo
1547 1593 1707 1657 abbatisse
1731 1594 1771 1657 de

277 1680 385 1744 Lacok
406 1683 586 1765 accepimus
617 1680 702 1764 quod
728 1681 806 1744 licet
831 1682 902 1764 ipsa
926 1682 1059 1766 aliquod
1085 1682 1216 1745 feodum
1241 1681 1383 1744 militare
1398 1681 1451 1743 vel
1476 1680 1618 1764 aliquam
1644 1686 1770 1763 partem

277 1766 462 1852 hujusmodi
478 1768 563 1832 feodi
580 1770 615 1831 in
630 1770 788 1831 comitatu
802 1769 945 1851 predicto
960 1789 1025 1832 nou
1041 1770 1169 1847 habeat,
1183 1789 1243 1833 nec
1258 1772 1359 1832 terras
1375 1768 1427 1832 vel
1454 1773 1641 1831 tenemento
1663 1767 1771 1850 aliqua

277 1876 334 1939 per
357 1856 528 1919 servicium
551 1856 693 1919 militare
716 1861 837 1935 teneat,
854 1875 911 1938 per
931 1857 1018 1939 quod
1039 1856 1343 1939 auxiliumcliquod
1357 1855 1448 1918 nobis
1462 1855 1503 1917 ad
1518 1856 1770 1939 primogenitam

277 1943 378 2005 filiam
408 1949 552 2006 nostram
582 1944 798 2006 maritandam
827 1945 950 2006 virtute
979 1945 1192 2007 concessionis
1222 1943 1366 2026 predicte
1395 1941 1498 2005 facere
1528 1948 1688 2021 teneatur,
1715 1962 1770 2004 vos

277 2029 413 2093 formam
438 2032 668 2113 assignacionis
690 2035 801 2093 nostre
829 2050 934 2115 nuper
958 2030 1048 2094 vobis
1079 2030 1165 2095 facte
1190 2031 1231 2094 de
1254 2028 1442 2114 hujusmodi
1470 2028 1591 2092 auxilio
1620 2028 1661 2091 ad
1690 2048 1770 2111 opus

277 2124 433 2197 nostrum,
448 2119 534 2181 sicut
547 2120 727 2201 predictum
742 2121 802 2194 est,
817 2116 953 2182 levando
967 2119 1159 2182 excedentes
1185 2118 1290 2201 ipsam
1316 2116 1524 2194 abbatissam,
1539 2114 1769 2179 nichilominus

275 2204 308 2267 in
333 2207 426 2267 terris
449 2211 483 2268 et
506 2205 702 2267 tenementis
725 2207 791 2268 suis
815 2225 878 2288 que
904 2211 996 2269 tenet
1019 2207 1055 2268 iu
1079 2206 1216 2269 liberam
1239 2214 1273 2268 et
1298 2210 1488 2289 perpetuam
1503 2203 1712 2267 elemosinam
1728 2203 1770 2265 ad

275 2290 459 2371 hujusmodi
474 2293 633 2355 auxilium
648 2292 738 2355 vobis
752 2293 792 2354 ad
807 2312 888 2375 opus
901 2298 1048 2355 nostrum
1063 2293 1271 2376 prestandum
1287 2291 1484 2376 distringitis
1499 2292 1608 2355 minus
1629 2290 1719 2374 juste
1734 2291 1769 2369 in

275 2379 377 2462 ipsius
399 2379 559 2441 abbatisse
583 2380 761 2462 dampnum
785 2399 849 2442 nou
871 2380 1035 2442 modicum
1060 2386 1094 2443 et
1119 2400 1301 2465 gravamen,
1316 2384 1350 2441 et
1375 2380 1452 2462 quia
1479 2378 1584 2442 eidem
1607 2378 1769 2441 abbatisse

275 2464 422 2548 injuriari
436 2466 588 2529 nolumus
602 2467 637 2529 in
651 2465 712 2529 hac
727 2471 816 2548 parte
831 2466 919 2530 vobis
934 2467 1123 2530 mandamus
1137 2468 1223 2550 quod
1240 2467 1268 2529 si
1281 2468 1330 2529 ita
1354 2467 1397 2527 ait
1420 2471 1500 2529 tuuc
1526 2465 1567 2529 ab
1583 2466 1637 2547 huj
1643 2465 1768 2529 usmodi

274 2553 531 2616 districtionibus
554 2553 709 2617 indebitis
733 2554 840 2615 eidem
864 2553 1024 2617 abbatissa
1050 2556 1216 2617 occasione
1245 2554 1391 2636 predicta
1421 2553 1577 2615 faciendis
1604 2551 1768 2615 desistatis

274 2640 378 2721 ipsam
392 2646 505 2703 contra
518 2639 654 2703 formam
669 2641 882 2703 concessionis
896 2646 931 2705 et
943 2642 1174 2726 assiguacionis
1189 2640 1405 2724 predictarum
1419 2660 1483 2703 non
1499 2640 1709 2703 molestantes
1732 2638 1766 2700 in

273 2726 382 2809 aliquo
406 2747 463 2791 seu
492 2734 674 2810 gravantes,
696 2733 732 2790 et
760 2728 999 2791 districtionem
1028 2730 1057 2791 si
1083 2748 1181 2813 quam
1210 2728 1241 2791 ei
1266 2748 1304 2791 ea
1334 2728 1496 2791 occasione
1524 2726 1665 2790 feceritis
1696 2726 1766 2787 sine

273 2813 427 2877 dilatione
442 2814 591 2878 relaxetis
605 2815 722 2878 eidem.
767 2816 865 2879 Teste
879 2835 933 2878 me
947 2817 1017 2899 ipso
1042 2816 1128 2899 apud
1155 2813 1315 2879 Hereiord
1340 2836 1392 2879 xx.
1409 2815 1462 2877 die
1489 2814 1656 2878 Februarii
1681 2832 1767 2877 anno

275 2902 367 2987 regui
381 2903 484 2964 nostri
499 2903 663 2965 tricesimo
677 2902 792 2985 primo.

831 3088 884 3098 —q
895 3092 1126 3100 ——ffl--n
1134 3092 1216 3099 —.

315 3253 492 3339 Inquisicio
520 3259 614 3338 capta
644 3255 730 3338 apud
755 3255 997 3320 cirencestriam
1026 3276 1134 3319 coram
1163 3253 1286 3319 Thoma
1316 3257 1356 3320 de
1385 3255 1549 3334 Gurdinis,
1575 3257 1768 3322 vicecomite

275 3341 488 3419 Gloucestrie,
513 3347 548 3406 et
570 3341 718 3407 Johanue
741 3344 783 3407 de
812 3343 1004 3428 Langeleye,
1034 3343 1088 3406 die
1116 3343 1251 3406 Veneris
1279 3345 1315 3421 iu
1345 3343 1457 3427 vigilia
1487 3343 1599 3407 Sancti
1629 3346 1765 3426 Andree,

272 3429 429 3510 Apostoli,
444 3449 528 3492 anno
550 3432 642 3515 regni
667 3432 752 3515 regis
775 3430 922 3493 Edwardi
949 3431 1112 3494 tricesimo
1137 3429 1287 3512 secundo,
1303 3451 1360 3513 per
1374 3430 1576 3495 Willelmnm
1603 3432 1644 3495 de
1667 3431 1765 3511 Lech,

271 3515 428 3578 Thomam
465 3515 570 3597 Douu,
602 3516 770 3580 Warinnm
806 3518 836 3580 le
874 3518 970 3601 Grys,
1002 3515 1186 3581 Johaunem
1223 3518 1262 3580 de
1299 3518 1422 3599 Castra,
1460 3518 1627 3583 Simonem
1665 3520 1766 3604 Toky,

274 3602 475 3666 Willelmum
501 3604 530 3666 le
560 3604 734 3685 Fauconer‚
765 3605 945 3668 Roberlum
982 3602 1313 3692 Moleud[inarium],
1342 3605 1525 3669 Johannem
1555 3606 1695 3670 Richard
1725 3609 1766 3673 de

272 3689 548 3773 Willamesthorp,
563 3692 667 3755 Adam
681 3693 722 3754 de
735 3692 767 3754 la
782 3693 890 3775 Hyde,
905 3691 1119 3756 Benedictnm
1141 3693 1171 3755 le
1197 3692 1314 3772 Grant,
1341 3691 1525 3757 Johnnnem
1551 3694 1592 3756 de
1608 3696 1701 3778 Aqua
1724 3697 1765 3759 de

270 3777 454 3860 Abbynton,
469 3783 503 3840 et
516 3779 673 3842 Thomam
689 3779 821 3859 Edrich,
833 3780 874 3844 ad
889 3780 1118 3864 inquirendum
1135 3780 1161 3842 si
1175 3780 1336 3843 abbatissa
1350 3781 1389 3843 de
1407 3780 1513 3843 Iacok
1529 3784 1619 3844 tenet
1635 3781 1765 3865 aliquod

271 3862 399 3926 feodum
415 3864 541 3944 militis,
558 3867 608 3929 vel
623 3867 765 3950 aliquam
790 3873 915 3949 partem
938 3866 1125 3950 hujusmodi
1148 3865 1245 3944 feodi,
1260 3888 1320 3929 nec
1346 3888 1398 3932 ne.
1444 3867 1507 3942 Qui
1533 3868 1648 3930 dicunt
1671 3890 1766 3952 super

271 3957 507 4014 sacramentum
523 3973 617 4016 suum
633 3953 719 4036 quod
734 3955 876 4037 predicta
890 3955 1050 4016 abbatissa
1065 3959 1155 4017 tenet
1169 3974 1278 4016 omnes
1292 3958 1393 4018 terras
1408 3959 1441 4016 et
1458 3960 1644 4018 tenementa
1659 3976 1716 4018 sua
1730 3957 1764 4018 in

270 4038 347 4101 villa
371 4039 411 4102 de
435 4039 597 4106 Harunoe
624 4043 659 4104 in
690 4041 835 4121 liberam,
859 4061 985 4125 puram,
1016 4047 1050 4103 et
1081 4046 1268 4124 perpetuam
1300 4041 1521 4118 elemosinam,
1550 4047 1586 4104 et
1614 4063 1679 4104 non
1708 4064 1765 4126 per

270 4127 439 4189 servicium
454 4126 604 4191 militare.
652 4128 692 4193 In
710 4129 801 4212 cujus
814 4129 860 4191 rei
875 4129 1101 4191 testimonium
1116 4128 1252 4210 predicti
1274 4127 1435 4212 juratores
1459 4130 1534 4190 huic
1558 4130 1764 4212 inquisicioni

269 4212 376 4297 sigilla
391 4234 448 4276 sua
462 4220 692 4298 apposuerunt.

820 4405 883 4412 -.—
905 4405 935 4411 ...
960 4405 1020 4410 ---
1036 4405 1069 4410 .-.
1094 4405 1099 4410 .
1122 4405 1146 4410 --
1164 4405 1207 4412 υ...

312 4565 487 4630 Edwardus
505 4565 602 4646 (dcc),
616 4568 745 4633 dilectis
759 4574 791 4633 et
807 4569 954 4633 fidelibus
974 4571 1040 4631 suis
1056 4567 1239 4632 vicecomiti
1264 4566 1476 4647 Gloncestrie,
1502 4576 1536 4634 et
1560 4571 1695 4635 Ricardo
1721 4575 1762 4638 de

269 4649 420 4736 ccupas,
438 4652 520 4732 (lto.)
568 4655 649 4720 Cum
675 4677 733 4720 nos
756 4657 1014 4722 commissionem
1040 4677 1137 4740 qnam
1159 4655 1295 4718 dilectus
1310 4661 1344 4718 et
1359 4655 1464 4719 fidelis
1480 4664 1588 4720 noster
1604 4657 1763 4725 Walterus

270 4741 310 4802 de
327 4740 563 4830 Gloncestr[ia]
585 4742 749 4809 eschaetcr
763 4752 870 4808 noster
884 4746 965 4808 citra
980 4745 1136 4808 Trentam
1151 4742 1276 4806 dudum
1290 4763 1346 4826 per
1366 4743 1493 4808 litteras
1517 4765 1588 4807 snas
1612 4753 1762 4828 patentes

159 4907 168 4920 Ο
268 4827 347 4889 fecit
369 4827 488 4892 dilecte
513 4832 605 4893 nobis
627 4831 820 4916 Margarete,
844 4853 907 4918 que
931 4832 997 4896 fuit
1019 4851 1098 4895 uxor
1124 4830 1279 4894 Johauuis
1305 4829 1433 4894 Giffard
1458 4831 1498 4894 de
1527 4831 1761 4914 Brymmesleld

269 4912 427 4992 defuncti,
455 4917 511 4999 qni
540 4919 581 4981 de
611 4919 702 4981 nobis
731 4922 842 4983 tenuit
877 4920 913 4982 iu
949 4921 1058 5003 capite
1096 4918 1136 4980 de
1174 4917 1320 4981 custodia
1357 4918 1453 4980 castri
1488 4922 1522 4981 et
1551 4924 1688 4985 manerii
1722 4925 1761 4988 de

268 5000 531 5082 annnnsnann,
548 5025 584 5068 ac
599 5007 701 5068 eciam
717 5008 934 5070 maneriorum
949 5007 990 5069 de
1005 5007 1218 5072 Bacuwonnrs
1234 5010 1269 5067 et
1291 5005 1523 5082 mensuruus,
1540 5026 1603 5088 qne
1630 5007 1761 5074 luerunt

268 5089 405 5169 predicti
430 5088 588 5154 Johauuis
614 5094 648 5154 iu
674 5097 832 5158 comitatu
856 5095 1012 5177 predicto,
1027 5093 1181 5170 habenda,
1196 5111 1271 5154 cum
1299 5092 1446 5154 omnibus
1462 5093 1666 5174 pertinenciis
1681 5100 1759 5178 suis,

267 5177 407 5258 exceptis
437 5177 537 5241 feodis
565 5180 721 5260 militum,
749 5188 783 5244 et
805 5182 1069 5244 advocacionibus
1095 5180 1300 5243 ecclesiarum
1326 5179 1366 5240 ad
1392 5179 1539 5260 predicta
1561 5186 1700 5245 castrum
1726 5192 1758 5248 et

267 5264 410 5326 maneria
424 5267 655 5347 spectantibus,
669 5289 770 5351 usque
785 5268 825 5330 ad
848 5267 1031 5351 legitimam
1055 5273 1175 5329 etatem
1199 5264 1324 5328 heredis
1347 5265 1483 5349 predicti
1508 5264 1678 5346 Johauuis,
1702 5291 1759 5352 pro

268 5348 406 5431 quadam
434 5358 523 5416 certa
549 5356 685 5434 pecnnia
708 5375 836 5417 summa
859 5354 952 5417 uobis
978 5352 1115 5437 singulis
1142 5354 1235 5416 annis
1259 5351 1299 5414 ad
1322 5354 1514 5415 scaccarium
1537 5360 1684 5416 nostrum
1703 5377 1759 5439 per

268 5454 380 5500 manus
395 5439 476 5502 dicti
492 5442 663 5503 escaetoris
677 5443 778 5504 nostri
804 5442 967 5518 solvenda,
982 5461 1039 5523 per
1064 5445 1189 5503 nostras
1213 5443 1360 5522 patentes
1385 5439 1511 5501 litteras
1535 5439 1756 5506 ratificandam

268 5521 453 5590 duxerimus
482 5533 515 5589 et
545 5527 648 5590 eciam
676 5529 938 5608 confirmandam,
970 5532 1067 5612 prout
1095 5529 1129 5590 in
1164 5526 1284 5588 eisdem
1322 5525 1441 5588 litteris
1477 5527 1594 5588 nostris
1632 5527 1757 5612 plenius
