4117 6200
899 605 983 675 al).
1007 609 1103 674 1426.
1684 608 1747 678 347

288 895 453 961 Johanncs
475 895 715 978 Daubrigcourt
735 900 828 960 tsnct
842 895 884 960 (lc
898 895 1031 960 domino
1045 916 1124 981 rogo
1141 897 1186 962 di.
1203 897 1227 964 f.
1243 919 1288 964 rn.
1304 901 1338 962 ct
1353 899 1489 965 terciam
1503 902 1629 981 partam
1653 895 1677 963 l.
1698 918 1743 962 m.

247 985 282 1046 in
298 984 490 1052 annnam
506 983 582 1064 Sar,
596 984 682 1068 quod
697 983 763 1047 fuit
776 1004 880 1068 nupsr
894 984 1017 1048 Thomc
1031 984 1072 1048 da
1089 983 1163 1070 Say.

287 1122 381 1186 Idam
404 1120 569 1186 Johannas
593 1121 846 1207 Daubrigcourt‚
870 1120 1038 1186 Johannas
1064 1121 1232 1207 Ssymour‚
1256 1125 1344 1206 prior
1366 1123 1407 1188 da
1433 1123 1577 1203 Morton,
1604 1122 1745 1188 Thomas

246 1207 382 1291 Bytlets,
405 1207 571 1274 Johannss
595 1209 669 1292 Ely,
693 1214 728 1273 ct
751 1207 892 1273 Thomas
918 1208 1083 1290 Stulrclac,
1098 1216 1216 1274 tenant
1240 1211 1414 1294 separatim
1439 1231 1495 1277 un.
1521 1211 1545 1278 l.
1570 1231 1616 1277 rn.
1641 1231 1745 1295 nuper

245 1295 378 1360 Robsrti
392 1296 433 1360 do
448 1295 567 1360 Sancto
581 1295 731 1360 Manaico
744 1298 779 1359 in
795 1297 971 1371 Hannon,
985 1297 1071 1380 quod
1086 1302 1216 1364 tonatur
1230 1298 1269 1362 ds
1284 1297 1415 1363 baronia
1429 1300 1470 1364 de
1497 1297 1638 1384 Basyng‚
1655 1299 1742 1363 unde

244 1383 346 1447 nichil
359 1383 566 1467 respondent,
579 1384 657 1467 quia
670 1383 829 1449 dividitur
842 1386 878 1447 in
892 1405 949 1448 sax
963 1391 1083 1467 partes.

289 1519 450 1585 Robsitns
487 1517 669 1604 Whytahcd
704 1524 739 1585 ct
773 1520 939 1585 Johannas
973 1521 1099 1586 Rastcll
1133 1526 1250 1588 tonant
1287 1525 1463 1607 separatim
1501 1543 1556 1590 un.
1588 1523 1611 1589 f.
1644 1544 1689 1592 m.
1712 1524 1748 1587 in

248 1608 502 1686 Onnaonnoonn,
515 1628 620 1691 nuper
634 1605 795 1673 Johannis
807 1607 935 1675 Rastsll
948 1613 983 1676 et
996 1608 1147 1674 Nicholni
1161 1607 1333 1696 cuppyng.

714 1925 934 1992 Huunnnnuu
958 1946 1002 1992 nn
1025 1925 1283 1995 ANDEVERE.

291 2109 431 2176 Thomas
445 2111 582 2177 Stonorc
597 2118 690 2178 tonat
703 2113 748 2181 di.
764 2115 788 2181 t.
806 2135 850 2181 m.
867 2116 902 2179 in
918 2116 1074 2183 Pnnrrou
1090 2115 1219 2193 Marsa,
1233 2114 1320 2200 quod
1335 2133 1436 2198 nuper
1452 2111 1517 2177 fuit
1532 2114 1553 2178 J
1555 2112 1692 2178 ohannis
1707 2114 1749 2179 dc

250 2198 425 2284 Wyntonia
438 2204 473 2264 ct
486 2199 616 2264 Ricardi
631 2200 785 2269 Pcvcrell.

291 2336 473 2401 willelmus
495 2335 623 2423 Dyngla
646 2345 737 2403 tonat
764 2342 801 2402 in
824 2340 976 2408 Toncorn
1001 2344 1152 2424 quartam
1178 2344 1307 2424 partam
1330 2337 1355 2407 f.
1374 2359 1418 2405 m.
1442 2339 1528 2424 quod
1553 2358 1658 2424 nuper
1683 2339 1748 2404 fuit

249 2424 384 2488 chrici
398 2425 440 2490 dc
453 2425 607 2494 Foxcote.

291 2560 457 2628 Johanncs
471 2563 578 2628 Graue
594 2569 686 2630 tonat
700 2565 736 2628 in
752 2565 909 2634 Gaurana
923 2566 969 2632 di.
986 2566 1009 2632 t.
1026 2586 1071 2631 m.
1087 2566 1174 2650 quod
1189 2584 1294 2649 nupcr
1310 2565 1376 2630 luit
1391 2564 1526 2630 Roberti
1541 2564 1582 2630 dc
1597 2563 1697 2650 Bury.

290 2699 478 2767 Elisabetha
500 2700 590 2766 Lislc
613 2705 705 2767 tcnat
734 2703 770 2767 in
801 2703 1063 2770 Tnaonanasrou
1094 2701 1175 2766 duas
1200 2707 1309 2786 partes
1339 2720 1396 2769 nn.
1424 2699 1449 2767 l.
1477 2721 1522 2767 m.
1554 2721 1616 2784 qus
1644 2720 1750 2786 nuper

248 2786 383 2853 inerunt
397 2787 555 2853 Johannis
570 2790 611 2854 de
627 2788 825 2856 Cormaillas.

294 2927 456 2991 Waltarua
466 2926 589 2992 Sandcs
602 2934 636 2992 st
647 2926 834 2992 Thomasde
843 2930 935 2992 Anna
949 2931 1067 2992 tonent
1082 2931 1117 2992 in
1127 2927 1288 2994 Tarauna
1303 2935 1451 3010 quartam
1467 2929 1595 3008 partam
1610 2925 1750 2994 un.f.m.

250 3034 312 3099 quc
325 3013 391 3077 fuit
405 3013 524 3101 Rogati
538 3014 714 3094 Mcrcwcll,
729 3016 816 3080 unda
831 3013 934 3079 nichil
948 3015 1146 3100 respondent
1160 3017 1237 3101 quia
1252 3015 1410 3079 dividitur
1425 3015 1459 3076 in
1476 3013 1557 3077 duas
1571 3018 1691 3096 partos.

251 3241 272 3305 d
294 3153 465 3306 hbhalpqdo
489 3153 698 3305 t(lloucastria
719 3157 812 3220 tanat
838 3155 874 3217 in
900 3154 1076 3221 Lrnnnrou
1092 3154 1138 3219 di.
1154 3153 1178 3221 f.
1195 3174 1240 3220 m.
1258 3154 1343 3218 unde
1358 3152 1458 3216 nichil
1472 3151 1658 3237 respondet,
1675 3150 1752 3236 quia

273 3260 376 3306 corma
398 3261 488 3305 roas
507 3289 515 3307 .

295 3379 479 3444 Willeimns
515 3378 717 3462 Langbrook,
746 3378 911 3444 Johannes
947 3378 1051 3463 Peny,
1080 3378 1237 3441 Ricardus
1274 3378 1387 3461 Mayn,
1417 3375 1559 3440 Thomas
1588 3376 1689 3461 Mayn
1719 3380 1753 3442 ct

250 3467 433 3532 Willalmus
460 3466 593 3546 Geram,
616 3471 729 3531 tonent
744 3467 921 3550 separatim
943 3486 1001 3532 nn.
1017 3468 1041 3530 f.
1059 3486 1103 3531 m.
1122 3468 1156 3528 in
1181 3466 1403 3546 Tunawoanfl,
1431 3465 1517 3549 quod
1539 3464 1604 3528 fuit
1630 3464 1751 3548 Rogati

250 3553 406 3634 Norman,
421 3553 509 3619 undo
525 3553 627 3618 nichil
641 3555 850 3639 respondent,
865 3555 942 3638 quia
956 3555 1120 3618 dividitur
1133 3555 1168 3617 in
1184 3574 1214 3617 v.
1231 3560 1349 3636 partes.

295 3690 457 3754 Waltorus
480 3690 603 3754 Sandcs
625 3694 718 3754 tonat
741 3691 777 3753 in
804 3691 1031 3758 Onanwanrou
1055 3694 1205 3775 quartam
1234 3694 1362 3771 partam
1385 3710 1441 3753 un.
1473 3689 1497 3755 f.
1525 3709 1570 3756 m.
1597 3709 1659 3773 quc
1689 3689 1754 3753 luit

253 3777 399 3861 Philippi
414 3778 455 3842 da
471 3777 592 3844 Sancto
605 3778 753 3845 Austolo.

294 3914 478 3979 Wiltclmus
493 3916 664 3980 Alisandrc
679 3922 714 3981 ct
729 3914 853 3980 Editha
868 3937 947 3980 uxor
961 3916 1034 4001 cjus
1049 3920 1165 3981 tenent
1180 3917 1216 3977 in
1232 3915 1439 3981 Toonwonrn
1454 3918 1602 3998 quartam
1629 3918 1753 3997 partam

252 4023 307 4066 un.
323 4004 347 4068 f.
364 4023 427 4086 qua
442 4023 545 4086 nuper
560 4004 626 4067 luit
640 4002 787 4086 Philippi
802 4005 843 4066 dc
859 4002 1108 4069 Drokencsford.

296 4140 458 4204 Walterus
486 4138 609 4203 Sandcs
636 4144 673 4203 st
701 4138 842 4204 Thomas
869 4139 1015 4204 Sakcvill
1040 4144 1155 4203 tenent
1182 4140 1215 4200 in
1246 4140 1418 4205 Cussaoau
1444 4144 1594 4221 quartam
1624 4144 1752 4221 partam

252 4248 307 4293 nn.
319 4228 343 4293 f.
355 4248 400 4293 1n.
411 4247 472 4312 quc
486 4247 591 4311 nuper
605 4228 671 4291 fnit
685 4226 810 4291 Thoms
827 4226 972 4291 Sakcvill
985 4236 1020 4291 ct
1031 4227 1153 4311 Rogcri
1164 4226 1318 4302 Norman,
1329 4226 1415 4289 undo
1431 4223 1535 4289 nichil
1547 4225 1754 4308 respondent,

252 4315 329 4398 quia
343 4316 503 4380 dividitur
516 4316 552 4377 in
567 4314 647 4379 duas
661 4319 781 4397 partes.

295 4453 460 4520 Johannes
483 4451 605 4518 Orabba
627 4456 663 4517 ct
685 4452 773 4536 prior
799 4452 839 4516 da
864 4450 1057 4516 Oksbonrnc
1082 4456 1199 4513 tonant
1225 4448 1399 4530 separatim
1424 4450 1460 4511 in
1476 4450 1700 4515 annuaaana
1717 4454 1751 4514 st

253 4543 451 4610 Garunnam>
466 4546 614 4625 quartam
629 4546 757 4623 partem
772 4539 796 4605 t.
812 4561 857 4603 m.
873 4558 936 4623 que
951 4538 1016 4603 tuit
1031 4537 1162 4600 Ricardi
1179 4535 1310 4614 Crabbs,
1324 4536 1411 4599 undo
1427 4537 1529 4599 nichil
1543 4536 1751 4621 respondent,

252 4630 330 4712 quia
344 4629 502 4693 dividitur
515 4628 647 4693 induas
661 4636 782 4713 partes,
797 4634 832 4693 ct
847 4637 899 4692 ast
914 4626 1130 4691 decimabilis.

293 4767 457 4833 Waltcrus
472 4764 593 4831 Sandan
608 4771 701 4833 tonat
715 4767 750 4831 in
766 4766 892 4833 Eunias
906 4764 951 4831 di.
969 4766 992 4830 f.
1009 4764 1095 4849 quod
1109 4762 1131 4829 J
1132 4761 1274 4827 ohannes
1288 4761 1401 4828 Lovsll
1415 4762 1578 4847 quondam
1593 4764 1714 4831 tonuit.

731 5006 1272 5022 --......-—-.--———--..-—---

294 5176 473 5261 Inquisioio
488 5181 585 5261 capta
598 5178 685 5261 apud
700 5176 870 5261 Romescy,
884 5178 918 5239 in
934 5176 1093 5239 comitatu
1110 5170 1372 5255 Scuthampton',
1388 5171 1440 5235 dic
1459 5170 1592 5236 Veneris
1606 5174 1753 5256 proximo

251 5269 325 5348 post
339 5266 461 5330 testum
476 5265 713 5330 Translacionis
728 5264 840 5329 Sancti
855 5263 997 5341 Ricardi,
1013 5262 1178 5345 Episcopi,
1192 5279 1278 5323 anno
1301 5258 1396 5342 regni
1418 5260 1504 5343 regis
1519 5260 1652 5322 Haurici
1670 5266 1752 5327 scxti

250 5355 325 5437 post
338 5358 551 5439 conquestum
564 5358 667 5432 santo,
682 5372 789 5416 coram
804 5351 825 5416 J
826 5351 951 5415 ohanne
968 5355 1002 5413 at
1017 5346 1171 5430 Barongh
1198 5352 1233 5410 at
1259 5348 1353 5409 sociis
1376 5346 1454 5425 suis,
1470 5347 1753 5413 commissionariis

251 5440 377 5505 domini
401 5442 497 5527 rogis,
512 5441 636 5506 virtuto
660 5442 827 5505 literarum
853 5438 1040 5524 patancium
1063 5436 1143 5499 dicti
1167 5434 1292 5498 domini
1307 5434 1393 5517 ragis
1407 5433 1528 5496 eisdam
1544 5432 1753 5516 directarum,

251 5546 311 5611 pcr
335 5534 573 5595 sacramentum
600 5528 762 5594 Johannis
784 5527 965 5611 Hampton,
987 5522 1148 5590 Johannis
1173 5521 1322 5587 Mctsont
1340 5517 1426 5601 (sic),
1448 5520 1578 5585 Ricardi
1602 5520 1753 5603 lokford,
