4117 6200
883 540 963 609 Al).
989 542 1087 607 1431.
1688 537 1752 601 las

293 770 442 857 Rogems
457 766 570 843 Tolke,
586 766 628 831 de
644 764 773 829 Iwerne
789 762 825 826 in
840 759 954 825 eodem
979 756 1163 834 hundredo,
1179 775 1315 842 yoman,
1330 756 1424 819 tenet
1438 751 1570 818 diversa
1596 758 1702 819 terras
1717 758 1752 819 et

245 864 437 929 tenementa
452 858 488 923 in
503 857 647 922 Iwaurta
663 852 821 941 predicta,
837 871 896 937 per
911 847 1090 915 servicium
1106 850 1222 912 octave
1237 844 1343 931 partis
1358 863 1413 907 un.
1430 842 1452 908 f.
1468 865 1510 907 m.

291 974 464 1051 Ricardus,
478 970 580 1038 abbas
606 970 648 1035 de
674 966 868 1041 Middclton,
893 962 929 1028 in
956 961 1117 1029 comitatu
1132 958 1282 1035 Dorsete,
1309 962 1402 1023 tenet
1426 956 1559 1022 diversa
1584 963 1691 1025 terras
1718 964 1754 1024 et

246 1068 439 1133 tenemeuta
462 1062 499 1127 in
514 1062 754 1134 Bsnusuuasr,
778 1056 815 1119 in
841 1052 954 1119 eodem
980 1050 1163 1126 hundredo,
1189 1048 1383 1114 amortisata
1410 1046 1610 1113 monasterio
1635 1068 1696 1112 suo
1711 1048 1753 1113 de

249 1153 437 1221 Middeltcu
462 1151 624 1239 predicta,
640 1148 724 1213 citra
746 1166 871 1211 annum
898 1142 1092 1209 vicesimum
1119 1138 1278 1203 Edwardi
1302 1135 1401 1224 primi
1428 1140 1504 1222 post
1529 1141 1755 1222 conquestum,

246 1266 308 1333 per
322 1241 499 1309 servicium
516 1243 632 1326 quarte
647 1236 753 1324 partis
768 1256 823 1301 un.
840 1233 866 1300 f.
882 1253 924 1297 m.

294 1357 461 1425 Henricus
487 1354 637 1441 Stamley‚
652 1351 694 1418 de
710 1348 861 1437 Hyndcn
888 1348 923 1412 in
947 1345 1109 1411 comitatu
1133 1341 1261 1419 Wiltes,
1286 1339 1479 1428 gentilman,
1505 1345 1599 1407 tenet
1622 1340 1756 1407 diversa

247 1455 354 1516 terres
369 1452 404 1514 et
419 1449 610 1513 tenementa
624 1442 660 1507 in
678 1441 852 1513 Gussrus,
867 1437 904 1501 in
919 1435 1034 1503 eodem
1050 1433 1232 1511 hundredo,
1243 1452 1302 1517 per
1316 1429 1496 1497 servicium
1510 1436 1627 1499 octave
1647 1431 1756 1518 partis

250 1559 306 1607 un.
322 1538 343 1605 l
359 1559 402 1603 m.

295 1727 380 1793 Item
395 1723 535 1793 ulterius
549 1720 667 1791 dicunt
681 1716 822 1807 predicti
832 1716 1009 1804 juratores,
1025 1711 1113 1798 quod
1124 1734 1177 1776 :-

876 1976 1165 2067 [evasurum]

297 2156 422 2234 Aricia,
437 2151 607 2220 abbatissa
621 2149 663 2215 de
678 2146 813 2223 'Par-ent,
827 2144 865 2209 iu
879 2142 1029 2230 predicto
1056 2140 1217 2207 comitatu
1232 2137 1383 2217 Dorsete,
1398 2145 1492 2207 tenet
1517 2141 1703 2208 manerium
1718 2141 1760 2208 de

253 2249 477 2321 mirmur,
492 2242 528 2307 in
542 2238 693 2328 predicto
709 2233 884 2302 hundredo
899 2233 941 2298 de
956 2231 1153 2318 Pymperne,
1168 2229 1402 2296 amortisatum
1427 2232 1630 2298 monasterio
1643 2252 1704 2297 suo
1719 2232 1761 2299 de

254 2339 379 2405 Terent
393 2332 554 2423 predicta,
569 2328 655 2398 citra
669 2325 857 2414 predictum
872 2342 997 2387 aunum
1014 2320 1219 2398 vicesimum,
1234 2340 1295 2405 per
1308 2319 1486 2386 servicium
1503 2341 1559 2386 un.
1574 2320 1598 2388 f.
1614 2344 1656 2387 m.

299 2449 470 2517 Walterus
493 2442 619 2530 Derby,
641 2441 683 2507 de
710 2440 891 2525 Laugeton,
914 2435 950 2499 iu
976 2433 1126 2520 predicto
1150 2432 1310 2498 comitatu
1334 2432 1485 2512 Dorsete,
1500 2436 1653 2523 armiger,
1668 2442 1762 2505 tenet

252 2540 438 2697 ριιρρρηέἱιω
452 2537 494 2602 de
509 2533 700 2600 mustos
728 2528 877 2605 barras,
892 2525 928 2590 in
953 2524 1068 2590 eodem
1092 2521 1274 2600 hundredo,
1290 2544 1350 2609 per
1372 2522 1550 2589 servicium
1574 2526 1762 2593 medietatis

301 2745 394 2811 Idem
423 2740 597 2809 Walterus
623 2739 718 2801 tenet
743 2731 927 2797 manerium
955 2728 997 2794 de
1024 2727 1194 2792 Laturus
1221 2726 1393 2805 Borma,
1418 2727 1501 2793 alias
1529 2727 1620 2795 dicta
1643 2730 1765 2796 Larte.

257 2846 473 2909 amman,
503 2828 591 2916 quod
630 2844 697 2890 non
729 2826 864 2889 tenetur
898 2840 958 2907 per
984 2816 1161 2885 servicium
1188 2816 1343 2895 militare,
1367 2823 1401 2883 et
1425 2816 1517 2884 valet
1542 2839 1603 2905 per
1628 2840 1764 2898 aunum,

258 2924 348 2991 ultra
362 2920 505 3009 reprisas
1643 2946 1656 2959 ·
1702 2930 1727 2977 c
1740 2931 1764 2976 s.

303 3036 482 3106 Mauricius
522 3034 650 3118 Bruyn,
687 3027 729 3094 dc
760 3022 1013 3100 Randolreuon,
1044 3022 1082 3085 in
1110 3021 1271 3087 comitatu
1301 3019 1450 3102 Domete,
1485 3021 1643 3106 ebivaler,
1673 3029 1767 3091 tenet

258 3130 469 3288 fflissoem
509 3121 648 3190 manerii
686 3119 727 3184 de
758 3116 1037 3181 Rrrmmrmos
1068 3111 1227 3198 predicta,
1256 3132 1316 3198 per
1354 3111 1531 3179 servicium
1576 3114 1766 3184 medietatis

302 3331 501 3418 Radulphus
516 3325 635 3402 Bussh,
651 3324 692 3389 de
709 3319 880 3397 Oaundell,
895 3318 932 3383 in
947 3316 1110 3384 comitatu
1131 3314 1280 3391 Dorsete,
1294 3314 1449 3402 armiger,
1464 3319 1559 3383 tenet
1580 3320 1766 3386 manerium

259 3424 301 3491 de
316 3423 499 3489 mmmm
523 3417 682 3490 Navium,
697 3412 734 3478 in
749 3410 862 3477 eodem
881 3406 1064 3483 hundredo,
1079 3427 1140 3492 per
1154 3403 1330 3470 servicium
1345 3409 1464 3490 quarte
1478 3407 1585 3493 pertis
1599 3429 1655 3474 um
1670 3408 1695 3475 f,
1711 3433 1754 3478 m,

304 3538 475 3605 Johaunes
489 3530 652 3608 Bonham,
668 3527 709 3592 de
725 3521 929 3611 Wycheiord
956 3521 991 3585 iu
1017 3520 1179 3585 comitatu
1196 3516 1324 3596 Wiltes,
1348 3519 1501 3607 armiger,
1516 3525 1610 3588 tenet
1634 3522 1768 3592 diverse,

259 3635 366 3782 terrgs
372 3633 415 3781 gt
430 3621 623 3690 tenementa
638 3618 674 3682 in
690 3615 843 3681 F1s111na
869 3610 1019 3676 errm
1046 3609 1203 3695 predicte,
1228 3629 1289 3694 per
1313 3608 1490 3675 servicium
1517 3616 1636 3697 quarte
1660 3615 1766 3700 partis

261 3740 476 3905 unlticamlus,
501 3825 572 3890 dux
595 3818 746 3896 Eboraci,
770 3820 864 3884 tenet
888 3813 1103 3879 medietatem
1128 3810 1269 3876 manerii
1295 3811 1337 3878 de
1362 3811 1566 3894 maanus,
1592 3817 1629 3882 in
1653 3819 1767 3885 eodem

261 3918 446 3996 hundredo,
461 3937 520 4003 per
535 3909 713 3980 servicium
728 3904 919 3974 medietatis
933 3923 989 3968 un.
1004 3903 1026 3968 f.
1043 3924 1086 3967 m.

306 4034 422 4112 Alicia,
437 4051 544 4118 nuper
558 4047 644 4093 uxor
659 4020 834 4110 Guydonis
848 4018 972 4106 Bryan,
982 4017 1024 4082 de
1036 4016 1155 4092 Acten,
1166 4016 1203 4081 iu
1212 4015 1374 4082 comitatu
1386 4014 1768 4105 Suthtolchiewodewc,

262 4130 355 4279 tene?
371 4120 557 4277 granarium
572 4117 614 4182 de
630 4113 849 4186 Emessam,
867 4109 901 4174 in
916 4107 1031 4173 eodem
1055 4105 1238 4184 hundredo,
1253 4125 1315 4191 per
1329 4105 1506 4174 servicium
1521 4111 1646 4180 decime
1661 4114 1768 4200 partis

264 4237 479 4396 mLJulruriues
501 4313 901 4397 Mohun,dew01vet0n,
918 4310 954 4377 in
978 4309 1140 4377 comitatu
1164 4307 1312 4386 Dorsete,
1337 4308 1489 4396 armiger,
1514 4316 1607 4380 tenet
1636 4315 1770 4386 divom

264 4426 369 4487 terras
396 4420 430 4483 et
464 4411 656 4479 tenementa
680 4407 716 4472 in
756 4402 894 4468 Hamus
934 4399 1084 4477 Morus,
1108 4399 1144 4463 in
1161 4397 1274 4463 eodem
1289 4396 1473 4476 hundred0,
1498 4421 1558 4486 per
1588 4406 1767 4475 servicium

264 4504 451 4576 medietatis
467 4524 521 4568 un.
537 4499 561 4566 t.
575 4519 617 4564 m.

308 4623 331 4690 J
332 4621 491 4697 ohannes,
505 4613 660 4681 domium
674 4611 716 4676 de
731 4605 881 4696 Typtoft,
896 4602 1054 4680 chivuler,
1071 4605 1165 4668 tenet
1186 4599 1320 4667 diversa
1334 4605 1443 4668 terras
1458 4607 1493 4669 et
1515 4609 1707 4676 tenementa
1731 4611 1767 4678 in

265 4713 378 4779 eadem
395 4708 484 4784 villa,
499 4726 558 4794 per
573 4699 750 4768 servicium
766 4699 885 4785 quarte
902 4693 1007 4781 pertis
1023 4713 1078 4757 uu.
1095 4691 1118 4756 f.
1135 4712 1176 4757 m.

310 4826 483 4894 Predictue
521 4817 718 4904 Radulphus
754 4810 864 4880 Bussh
895 4815 989 4877 tenet
1025 4807 1212 4874 manerium
1250 4806 1292 4872 de
1331 4805 1543 4891 Horremus,
1580 4814 1616 4879 iu
1653 4815 1768 4884 eodem

268 4915 449 4992 hundredo,
463 4933 523 5000 per
537 4908 713 4976 servicium
729 4925 783 4969 un.
800 4904 820 4968 f.
837 4924 880 4968 m.

310 5029 496 5098 willelmus
510 5021 703 5098 Daccombe,
720 5019 761 5084 de
776 5015 963 5104 stupebam
978 5015 1014 5079 in
1031 5014 1120 5080 dicto
1146 5011 1309 5079 comitatu
1335 5010 1485 5092 Dorsete‚
1500 5015 1652 5106 armiger,
1676 5025 1770 5091 tenet

267 5121 451 5277 marrfrsrilgrru
476 5116 517 5181 de
542 5113 754 5186 srmrmor,
780 5107 816 5172 in
844 5105 957 5170 eodem
981 5101 1165 5181 hundredo,
1195 5122 1256 5189 per
1293 5102 1470 5169 servicium
1509 5112 1626 5192 quarte
1659 5114 1766 5196 partis

268 5233 487 5399 unitdbeitus
501 5316 656 5385 dominus
671 5313 712 5379 de
728 5311 913 5397 Ponyngcs,
930 5303 1088 5381 chivaler,
1102 5308 1197 5370 tenet
1211 5304 1399 5370 manerium
1425 5305 1467 5372 de
1482 5304 1716 5393 Duawrsrurv,
1732 5315 1768 5384 in

271 5416 382 5482 eodem
398 5407 578 5500 hundredo,
596 5427 655 5491 per
671 5400 846 5468 servicium
862 5392 1160 5462 medietariam.
1178 5413 1219 5458 m.
