4117 6200
923 612 1006 677 A.D.
1033 616 1127 679 1428.

317 908 445 974 Vicetia
458 910 605 996 ejusdem
620 916 751 976 taxatur
765 912 807 978 ab
822 914 956 997 antiquo
972 937 1002 979 x.
1018 934 1150 981 marcas.
1199 916 1400 998 Subsidium,
1414 919 1484 1005 xiij.
1495 941 1521 989 s.
1537 922 1599 1005 iiij.
1610 920 1643 986 d.

295 1046 460 1198 Ηῌιῖἰθιίι
484 1051 526 1114 de
542 1050 676 1119 Geauss
697 1052 860 1121 Tuussoa
873 1056 1005 1117 laxatur
1026 1054 1068 1119 de
1092 1075 1175 1119 novo
1198 1055 1262 1139 iiij.
1279 1077 1412 1123 marcas.
1469 1059 1669 1140 Subsidium,
1692 1062 1771 1146 rj.c.

270 1154 341 1218 an.
376 1180 384 1198 .

319 1272 453 1339 Summe
478 1274 700 1358 parochiarum
724 1300 754 1343 x.
780 1297 912 1358 marcas,
935 1283 969 1342 et
998 1278 1086 1342 ultre
1114 1279 1251 1363 cxxxvij.
1279 1278 1318 1347 li.
1346 1280 1426 1366 vj.s.
1449 1281 1563 1368 viijd.
1622 1285 1710 1350 ilem
1741 1307 1772 1351 v.

270 1359 421 1442 parochie
433 1362 520 1426 inim
534 1386 564 1429 x.
580 1384 716 1430 marcas.

753 1502 889 1572 Summa
902 1504 1039 1571 subsidii
1053 1525 1105 1569 xv.
1121 1502 1160 1571 li.
1176 1504 1281 1589 viij.s.

728 1987 949 2052 Huuuamuu
971 2002 1017 2051 na
1041 1986 1320 2056 GLAVERYNG.

314 2152 456 2216 Ecclesia
470 2152 510 2216 de
526 2151 727 2217 ccsvssrrc
741 2147 871 2216 texetur
885 2150 928 2216 ab
942 2152 1077 2236 antiquo
1092 2172 1163 2217 xxx.
1180 2171 1314 2216 marcas.
1361 2152 1563 2235 Subsidium,
1578 2156 1622 2224 xl.
1634 2176 1660 2221 s.

313 2288 441 2355 Vicetia
454 2288 600 2374 ejusdem
615 2294 742 2355 taxsim
756 2289 798 2353 ab
812 2291 947 2375 antiquo
961 2288 1052 2374 xviij.
1069 2309 1203 2355 merces.
1251 2289 1453 2372 Subsidium,
1468 2294 1572 2380 xxiiij.
1582 2314 1609 2361 s.

313 2427 455 2491 Ecclesia
468 2427 509 2493 de
523 2428 677 2494 Bmsnau
693 2421 824 2493 texetur
838 2428 878 2493 ab
900 2428 1037 2511 antiquo
1051 2448 1102 2493 xv.
1120 2448 1253 2494 marcas,
1301 2427 1503 2510 Subsidium,
1519 2453 1571 2497 xx.
1582 2452 1609 2499 e.

312 2565 425 2717 Epirum
457 2565 572 2649 prioris
597 2565 637 2628 de
665 2562 838 2661 Tremhale
867 2565 989 2629 ibidem
1022 2564 1129 2650 xiij.e.
1156 2564 1218 2647 iiij.
1232 2563 1265 2631 d.
1302 2563 1520 2673 'Subsidium
1549 2575 1703 2634 oneratur
1731 2571 1771 2636 de

271 2674 335 2737 ιη.
369 2702 377 2719 .

312 2792 455 2856 Ecclesia
469 2790 510 2856 ds
526 2792 667 2859 Uuuuus
682 2796 812 2855 taxatur
826 2792 1016 2877 abantiquo
1031 2813 1062 2856 x.
1080 2754 1213 2857 merces.
1260 2790 1461 2873 Subsidium,
1478 2792 1550 2879 xiij.
1561 2813 1587 2860 s.
1604 2793 1708 2880 iiijd.

313 2928 425 2995 Porcio
450 2932 564 3013 prioris
586 2930 628 2994 de
652 2930 786 2997 Haifeld
802 2932 902 3016 Regis
916 2931 1041 2995 ibidem
1055 2951 1164 2997 ms.
1211 2930 1402 2996 Subsidium
1417 2938 1572 2997 oneratur
1587 2933 1628 2998 de
1643 2934 1727 3019 iija.

311 3069 454 3136 Ecclesia
467 3069 506 3134 de
521 3070 685 3136 Ereurrsu
700 3069 884 3134 taxeturab
899 3070 1034 3155 antiquo
1049 3070 1120 3155 viij.
1136 3089 1270 3136 marcas.
1317 3068 1516 3153 Subsidium,
1533 3070 1613 3158 vj.e.
1635 3071 1746 3159 viijd.
1797 3034 1801 3043 ¹

310 3208 423 3273 Porcio
447 3209 563 3292 prioris
592 3209 633 3272 de
661 3207 818 3273 Newetou
848 3209 971 3273 ibidem
1012 3229 1043 3274 x.
1054 3228 1081 3272 a.
1167 3207 1357 3273 Subsidium
1395 3216 1547 3276 oneratur
1587 3211 1628 3277 de
1659 3213 1716 3296 xij.
1729 3212 1763 3278 d.

274 3293 485 3390 [senecioni]
506 3298 583 3381 quia
597 3315 661 3360 uon
677 3297 827 3389 attingit,
841 3317 916 3361 cum
930 3295 1064 3361 ecclesia
1079 3296 1237 3380 predicte,
1252 3315 1283 3362 x.
1300 3315 1435 3362 marcae

271 3435 455 3586 ...Efflm
476 3433 517 3498 de
540 3434 757 3500 Msuawaucu
781 3438 915 3498 taxatur
939 3434 1142 3518 abantiquo
1171 3435 1237 3519 xvj.
1265 3455 1397 3501 marces.
1445 3433 1644 3516 Subsidium,
1658 3436 1759 3521 xxj.s.

268 3544 331 3609 ruJ.
365 3573 372 3588 .

293 3661 422 3813 'fopcio
436 3660 549 3744 prioris
562 3660 602 3724 de
616 3659 728 3742 Lewys
751 3660 877 3725 ibidem
892 3659 976 3745 xxvj.
993 3679 1020 3726 s.
1040 3662 1110 3746 viij.
1128 3659 1162 3726 d.
1223 3659 1415 3728 Subsidium
1440 3665 1596 3727 oneretur
1621 3663 1662 3728 de
1688 3664 1725 3748 ij.
1737 3684 1763 3730 s.

269 3769 340 3832 vuJ.
376 3798 384 3814 .

310 3885 443 3950 Summe
468 3882 694 3970 parochiarum
709 3905 739 3948 x.
757 3903 880 3948 marcas
894 3889 930 3950 ct
946 3885 1034 3950 ultra
1049 3886 1105 3951 lix.
1123 3884 1161 3952 li.
1178 3885 1260 3972 vj.s.
1286 3887 1356 3969 viij.
1369 3884 1401 3951 d.
1448 3886 1536 3951 Ibem
1560 3886 1585 3972 j.
1613 3887 1765 3972 parochia

269 3973 354 4038 inire
367 3995 398 4039 x.
415 3993 550 4037 marcas.

703 4108 838 4174 Summa
852 4108 989 4174 subsidii
1004 4109 1048 4194 vj.
1066 4106 1103 4175 li.
1120 4129 1151 4174 u.
1165 4130 1200 4175 s.
1216 4110 1278 4194 iiij.
1289 4109 1323 4176 d.

700 4246 834 4312 Summa
849 4250 1049 4332 superouerie
1064 4248 1165 4334 viije.

700 4545 920 4613 Huussauurr
942 4567 985 4612 mr
1008 4541 1341 4632 HUDELF[ORD].

291 4707 450 4859 ”Ecdclssia
478 4709 519 4772 de
548 4709 737 4776 Sususrsmr
764 4713 894 4772 taxatur
912 4708 954 4772 ab
976 4709 1112 4792 antiquo
1135 4727 1228 4772 xxxv.
1251 4725 1385 4770 marcas.
1432 4703 1633 4785 Subsidium,
1652 4706 1767 4792 xlvj.s.

268 4815 337 4879 πῃ.
370 4846 378 4860 .

309 4934 453 4999 Ecclesia
467 4933 508 4998 de
522 4932 677 4999 Teucrus
692 4936 821 4997 taxatur
835 4933 876 4996 ab
890 4933 1027 5017 antiquo
1043 4933 1100 5018 xij.
1118 4952 1251 4998 marcas.
1299 4928 1500 5008 Subsidium,
1516 4933 1579 5015 xvj.
1591 4951 1617 4995 a.

307 5071 450 5136 Ecclesia
463 5071 506 5135 de
520 5071 706 5138 Easaurrsu
721 5075 853 5135 taxatur
866 5071 909 5134 ab
923 5072 1060 5155 antiquo
1075 5091 1106 5135 x.
1123 5089 1256 5134 merces.
1315 5067 1517 5142 Subsidium,
1533 5067 1604 5152 xiij.
1615 5088 1642 5132 s.
1660 5068 1722 5153 iiij.
1733 5067 1767 5133 d.

307 5209 352 5272 Ec
376 5213 554 5272 cucreubur
579 5229 675 5291 super
697 5211 884 5292 compotum
909 5209 948 5272 ds
974 5207 1048 5291 ij.s.
1073 5208 1114 5271 de
1130 5205 1274 5270 subsidio
1296 5202 1465 5288 cujusdam
1494 5205 1661 5287 peucionis
1676 5225 1728 5270 xx.
1740 5223 1766 5270 s.

265 5315 364 5376 quam
379 5297 466 5381 prior
480 5295 519 5359 de
533 5295 680 5359 Pamield
695 5296 834 5380 percipit
849 5296 884 5357 in
900 5295 1027 5374 eedem,
1038 5293 1136 5378 juxta
1150 5293 1301 5371 formam,
1316 5289 1373 5357 dcc.

309 5433 451 5498 Ecclesia
465 5432 505 5499 de
521 5433 670 5498 Hsuusrr
687 5437 816 5500 taxetur
830 5433 872 5499 ab
886 5434 1022 5516 antiquo
1039 5452 1090 5496 xx.
1108 5449 1243 5495 merces.
1299 5429 1500 5509 Subsidium,
1517 5429 1601 5512 xxvj.
1612 5449 1638 5492 e.
1651 5427 1720 5510 viij.
1732 5423 1766 5490 cl.
