4117 6200
271 646 335 712 478
874 640 1182 711 HUNTINGDON.

277 928 475 1014 quindenam
485 926 666 1011 predictam
676 930 786 993 taxata
797 932 868 992 erat
877 927 963 991 infra
972 947 1133 991 summam
1145 948 1174 991 x.
1185 947 1364 991 marcarum
1374 948 1431 1013 per
1440 929 1654 1012 annum,vj.s.
1667 929 1737 1013 viij.
1745 930 1779 996 d.

277 1024 387 1080 tamen
402 1015 578 1079 dummodo
597 1016 633 1079 in
647 1015 762 1079 eadem
785 1013 938 1099 parochia
953 1026 1025 1081 κω
1040 1013 1265 1079 inhabitantes
1279 1015 1446 1079 domicilia
1459 1020 1609 1080 tenentes
1623 1018 1782 1095 existant,

243 1111 246 1115 '
278 1108 313 1168 et
328 1103 369 1167 de
382 1104 527 1188 qualibet
546 1103 698 1186 parochia
723 1103 816 1187 cujus
843 1102 977 1167 ecclesia
991 1108 1069 1167 ante
1094 1102 1293 1186 quindenam
1321 1103 1499 1185 predictam
1515 1106 1628 1167 taxata
1651 1107 1723 1168 erat
1736 1105 1780 1169 ad

278 1191 389 1255 decem
404 1210 528 1254 marcas
542 1210 598 1273 per
611 1211 734 1254 annum
747 1189 789 1254 ad
803 1190 909 1274 xiij.s.
925 1188 1031 1273 iiij.d.
1048 1197 1082 1253 et
1097 1190 1144 1253 sic
1158 1190 1360 1254 ascendendo
1371 1189 1468 1273 juxta
1482 1194 1588 1254 ratam
1602 1190 1781 1275 cujuslibet

278 1278 354 1341 talis
369 1277 502 1341 ecclesie
515 1277 604 1360 prius
619 1276 754 1354 factam,
768 1281 804 1340 et
830 1279 933 1341 eciam
948 1278 990 1340 de
1004 1276 1267 1341 inhabitantibus
1291 1277 1446 1342 domiclia
1461 1278 1649 1341 tenentibus
1671 1279 1780 1363 cujus·

278 1365 358 1428 libet
373 1363 525 1448 parochie
551 1365 637 1427 infra
652 1364 794 1448 burgum
818 1364 1073 1449 Huntingdonie
1099 1365 1260 1429 consimili
1283 1364 1431 1429 modoet
1457 1364 1561 1428 forma
1586 1364 1779 1445 inhabitate,

277 1451 369 1537 cujus
385 1452 520 1516 ecclesia
534 1451 651 1515 valoris
667 1453 771 1515 annui
785 1471 874 1517 xmo.
890 1453 1016 1530 existit,
1032 1452 1104 1534 ij.s.
1122 1453 1168 1515 sic
1191 1451 1391 1516 ascendendo
1402 1452 1500 1536 juxta
1513 1458 1618 1516 ratam
1643 1472 1722 1536 usqe
1736 1454 1780 1517 ad

278 1558 489 1690 bittit
503 1543 542 1689 t
552 1538 1397 1690 ttttttrtlltltiitt‘bittit‘
1411 1539 1780 1691 tzlltssstttttt

278 1647 672 1866 biqqustindepdirectnm,
687 1646 874 1797 datumgii¹⁰
899 1713 953 1777 die
968 1646 1288 1797 Aprilisgdietoinno
1302 1711 1362 1798 ,jc
1375 1648 1483 1797 psisper
1492 1648 1580 1778 bpunc
1590 1720 1779 1799 compotum

278 1821 328 1866 res
344 1821 356 1866 1
373 1821 395 1864 u
412 1821 479 1866 um.

734 2040 929 2107 Dumnacus
952 2039 1320 2108 HUNTYNGDONIE.

321 2205 459 2272 Bonoso
481 2202 952 2270 Ronmanorum-Ecclesia
976 2202 1089 2269 Bunrn
1112 2204 1226 2270 Minu
1251 2202 1511 2289 Huntyngdonie
1527 2203 1612 2267 infra
1636 2203 1779 2288 burgum

277 2294 397 2357 ibidem
410 2293 497 2356 valet
508 2311 566 2376 per
579 2312 701 2356 annum
713 2292 755 2355 ad
771 2310 983 2375 suppremum
995 2296 1031 2355 et
1045 2292 1224 2355 maximum
1234 2291 1376 2356 valorem
1390 2290 1548 2375 ejusdem,
1559 2289 1630 2375 viij.
1646 2312 1778 2371 marcas,

277 2382 362 2444 sicut
376 2381 561 2444 continetur
574 2380 611 2442 in
625 2379 765 2463 quadam
780 2380 992 2462 inquisitione
1007 2378 1084 2443 inde
1099 2398 1205 2442 coram
1214 2378 1349 2462 pretatis
1364 2378 1587 2443 collectoribus
1602 2378 1688 2442 inira
1702 2380 1778 2443 bur·

277 2488 358 2552 gum
372 2468 555 2551 predictum
570 2467 646 2529 inde
662 2471 757 2549 capta
772 2485 869 2550 super
884 2467 970 2529 huno
984 2471 1170 2549 compotum
1186 2466 1332 2531 liberata.

1366 2551 1566 2630 Subsidium,
1580 2573 1647 2619 ω.
1665 2550 1778 2637 νίί].ἆ.

321 2693 471 2782 Ecclesia
488 2693 606 2760 Sinoni
628 2692 815 2759 Bannorour
829 2691 914 2754 infra
927 2691 1068 2775 burgum
1082 2690 1266 2775 predictum
1280 2692 1368 2756 valet
1382 2712 1437 2775 per
1451 2711 1574 2757 annum
1590 2692 1632 2757 ad
1647 2713 1779 2776 suppre-

279 2802 370 2847 mum
384 2785 418 2845 et
432 2781 611 2845 maximum
627 2780 768 2844 valorem
782 2779 941 2863 ejusdem,
958 2778 1110 2862 lxxiiija.
1127 2779 1228 2863 iiijul.
1245 2780 1339 2859 sicut,
1356 2785 1420 2845 etc.

1366 2866 1565 2948 Subsidium,
1575 2866 1652 2952 vj.a.
1668 2866 1780 2951 viiju.

321 3006 467 3070 Ecclesia
482 3004 601 3072 Senem
616 3003 637 3071 J
638 3022 781 3070 cassula
795 3003 881 3067 infra
895 3003 1035 3087 burgum
1050 3002 1172 3067 ibidem
1190 3006 1277 3068 valet
1293 3024 1488 3087 perannum
1504 3003 1546 3067 ad
1567 3023 1780 3089 suppremum

279 3100 315 3158 et
328 3095 508 3158 maximum
522 3092 674 3172 valorem,
692 3091 803 3176 lxvjs.
820 3093 918 3170 deut,
931 3099 994 3157 etc.
1097 3132 1108 3143 -
1199 3133 1209 3143 -
1300 3091 1779 3176 -Subsidium,vj.e.viij.d.

321 3232 465 3297 Ecclesia
476 3232 616 3300 Ouumu
628 3231 824 3299 Ssncnouuu
839 3229 922 3294 inira
936 3230 1023 3293 idem
1042 3227 1113 3310 (sic)
1130 3230 1268 3315 burgum
1284 3231 1369 3295 valet
1385 3250 1578 3314 perannum
1593 3231 1635 3296 ad
1649 3239 1780 3314 snp'pre·

278 3341 371 3385 mum
385 3328 420 3384 et
434 3321 613 3384 maximum
629 3319 771 3382 valorem
787 3317 943 3402 ejusdem,
957 3339 1041 3382 cns.
1058 3319 1154 3398 siout,
1172 3325 1233 3382 eto.
1325 3358 1335 3369 -
1427 3318 1685 3396 -Subsidium,
1698 3319 1779 3403 xj.a.

322 3459 466 3523 Ecclesia
478 3456 681 3540 prebendslis
695 3456 736 3519 de
750 3455 931 3522 Banunnou
946 3461 1040 3519 extra
1054 3454 1194 3541 burgum
1210 3459 1341 3520 taxatur
1356 3477 1394 3520 ex
1410 3456 1547 3538 antiquo
1561 3458 1602 3519 ad
1618 3454 1679 3540 liij.
1695 3476 1780 3519 mar-

278 3568 341 3613 cas.
387 3546 516 3609 Vioaris
530 3543 676 3629 ejusdem
692 3543 950 3627 taxaturadvij.
968 3563 1104 3608 marcas.
1195 3583 1205 3594 -
1296 3583 1307 3594 ·
1398 3543 1658 3620 -Subsidium,
1671 3541 1781 3627 iiiiii.

367 3684 501 3749 Summa
515 3681 655 3748 subsidii
669 3679 768 3766 hujus
783 3681 1017 3746 decanatus·
1109 3721 1119 3731 -
1210 3721 1220 3731 -
1311 3721 1321 3731 -
1412 3699 1568 3746 -cxv.s.
1584 3680 1692 3764 siijul.

752 3919 948 3987 Dumnacus
972 3918 1129 3988 SANOTI
1152 3917 1313 3986 IVONIS.

323 4059 467 4127 Ecclesia
480 4059 521 4125 de
534 4059 720 4128 Wsnnnoss
735 4064 865 4124 taxatur
880 4079 919 4124 ex
933 4058 1067 4142 antiquo
1082 4058 1124 4122 ad
1138 4078 1210 4122 xxx.
1225 4077 1345 4120 marcas
1434 4097 1444 4109 -
1491 4055 1689 4137 Subsidium,
1703 4056 1781 4125 xie.

325 4198 373 4262 De
388 4195 530 4280 quadam
546 4196 697 4280 pensione
711 4216 809 4280 quam
824 4195 922 4259 abbas
948 4195 989 4258 de
1004 4194 1181 4278 Rameseye
1207 4192 1307 4258 babet
1321 4195 1357 4256 in
1385 4191 1497 4258 eadem
1511 4194 1644 4258 ecclesia
1670 4197 1782 4258 taxata

280 4287 321 4350 ad
336 4286 412 4351 xla.
471 4283 660 4352 Subsidium
675 4284 750 4346 inde
765 4283 861 4359 nihil,
874 4283 952 4366 quia
967 4302 1033 4346 non
1048 4282 1169 4347 habeut
1183 4290 1374 4346 warrantum
1391 4281 1431 4345 ad
1446 4281 1575 4366 aliquod
1598 4279 1781 4345 subsidium

279 4372 356 4439 inde
371 4371 558 4451 levandum,
575 4375 610 4434 et
625 4369 698 4433 ideo
716 4369 908 4450 subsidium,
924 4368 1008 4434 nibil
1032 4366 1217 4456 [cancellari]
1238 4368 1332 4453 iiij.s.
1355 4365 1504 4455 [added].

324 4510 470 4574 Ecclesia
484 4509 524 4573 da
538 4508 743 4575 Bnoocurou
758 4512 889 4572 tumtur
904 4508 946 4573 ad
961 4531 1011 4573 xx.
1027 4528 1151 4572 mareas
1169 4547 1180 4559 -
1271 4548 1281 4558 -
1330 4505 1533 4582 Subsidium,
1548 4504 1663 4589 xxvja.
1679 4505 1780 4590 iiij.d.

325 4649 375 4713 Da
399 4647 537 4734 quadam
562 4647 716 4730 pensione
742 4645 842 4730 xiij.a.
857 4646 956 4730 iiij.d.
973 4667 1070 4732 quam
1085 4647 1183 4710 abbas
1198 4646 1239 4709 de
1254 4645 1428 4728 Rameseye
1444 4643 1587 4728 percepit
1600 4644 1636 4709 in
1657 4643 1783 4712 eadem.

284 4737 485 4815 Subsidium,
501 4735 603 4818 xvj.‹i.
623 4735 790 4812 (carmelled
806 4745 875 4799 recte
892 4745 921 4800 tc
938 4736 999 4800 this
1015 4736 1080 4800 ond
1096 4735 1220 4800 sialiter
1235 4736 1349 4799 cntriee
1365 4731 1461 4812 nibil,
1478 4751 1574 4795 cansa
1588 4731 1759 4814 predicta).

324 4873 468 4940 Ecclesia
481 4873 521 4938 de
539 4874 741 4942 soranam
757 4876 886 4937 mxatur
900 4872 942 4937 nd
957 4873 1019 4959 iiij.
1036 4893 1181 4938 marcas·
1272 4913 1282 4923 -
1330 4870 1532 4951 Subsidium,
1549 4869 1656 4954 lxvj.a.
1673 4871 1782 4956 viiju.

326 5013 469 5078 Ecclesia
483 5012 525 5077 de
539 5012 767 5078 Bnusrnsusu
782 5014 916 5075 taxatur
930 5012 972 5075 ad
986 5033 1037 5078 xx.
1053 5031 1175 5076 marcas
1264 5049 1274 5060 -
1322 5008 1523 5086 Subsidium,
1537 5007 1653 5092 xxvjs.
1671 5007 1781 5092 viiid.

324 5150 469 5217 Ecclesia
483 5149 524 5215 de
538 5149 705 5216 Hounnort
714 5147 862 5218 ancn
876 5153 1007 5214 taxatur
1022 5150 1064 5214 ad
1079 5151 1102 5216 l.
1120 5167 1242 5214 marcas
1266 5188 1277 5198 -
1323 5145 1523 5224 Subsidium,
1538 5144 1616 5231 lxvj.
1625 5167 1650 5211 e.
1668 5144 1725 5232 viij
1730 5149 1781 5214 si.

325 5291 376 5357 Da
389 5289 531 5376 quadam
545 5287 699 5372 pensione
713 5308 764 5353 xx.
777 5308 803 5354 s.
820 5307 920 5372 qnam
935 5288 1034 5353 abbas
1049 5288 1090 5352 de
1106 5287 1266 5372 Ramesey
1281 5288 1422 5371 percepit
1436 5288 1472 5351 in
1487 5286 1619 5441 {stiffi
1708 5373 1730 5390 ..

1513 5394 1535 5437 u
1557 5394 1585 5437 n
1621 5393 1782 5460 um,1J.s.

326 5517 473 5586 Ecclesia
487 5514 527 5581 de
541 5512 726 5585 Hannone
741 5517 872 5580 taxatur
886 5512 929 5580 ad
944 5514 1013 5604 xiij.
1029 5532 1152 5580 marcas
1267 5551 1279 5564 -
1325 5509 1526 5593 Subsidium,
1542 5510 1608 5600 xvij
1614 5533 1654 5577 .s.
1671 5510 1733 5599 iiij.
1744 5513 1780 5580 d.
