4117 6200
913 609 997 680 A.D.
1022 614 1117 678 1285.

426 826 661 896 Varrmcrsn
684 844 871 896 scurnum
894 844 941 894 66
965 827 1211 896 HASELORE
1235 846 1278 894 nr
1300 828 1589 897 RYSSEMORE.

292 993 465 1060 ducatores
490 995 531 1060 de
557 994 729 1060 hundredo
754 995 911 1082 predicto,
927 993 1099 1060 Iohannes
1123 993 1166 1058 de
1190 992 1330 1081 Olavyle
1356 995 1398 1060 de
1414 995 1562 1072 Morden,
1579 993 1747 1061 Iohannes

250 1083 388 1163 Russell,
421 1085 608 1152 Willelmus
639 1083 777 1172 Olavyle
808 1085 848 1150 de
880 1084 999 1162 Holne,
1030 1085 1201 1150 Johannes
1227 1084 1268 1150 de
1296 1085 1425 1163 Stokes,
1454 1084 1642 1152 Willelmus
1668 1084 1747 1171 Dyl,

250 1173 409 1240 Ricardus
433 1174 474 1240 de
500 1173 717 1251 Smedemore,
744 1173 931 1240 Willelmus
955 1175 996 1239 de
1023 1173 1222 1251 1161661166,
1251 1173 1442 1241 Willelmus
1469 1175 1510 1240 16
1537 1174 1748 1253 (1161166616,

247 1263 416 1330 lohannes
432 1263 643 1342 Chaunterel,
659 1264 768 1329 Adam
784 1264 922 1352 Acelyn,
938 1262 1124 1330 Willelmus
1142 1263 1251 1350 Sprot.

291 1393 341 1459 De
357 1395 516 1460 extractis
540 1394 836 1461 summonicionum
852 1393 1004 1460 scaccarii
1020 1415 1079 1479 per
1093 1392 1207 1458 literas
1222 1393 1410 1460 debitorum
1431 1396 1518 1484 regis
1534 1396 1570 1461 in
1584 1397 1745 1463 comitatu

248 1487 316 1549 tam
332 1482 422 1549 infra
437 1484 607 1550 libertates
622 1505 722 1570 quam
732 1489 835 1562 extra,
853 1489 886 1550 61
899 1483 956 1570 661
969 1505 1024 1548 666
1036 1489 1232 1568 receperunt
1241 1505 1262 1548 6
1271 1485 1463 1551 vicecomite
1476 1494 1510 1551 61
1519 1486 1660 1563 ballivis,
1676 1491 1710 1551 61
1726 1507 1748 1550 6

248 1594 312 1657 666
327 1577 482 1658 tempore,
497 1579 532 1640 61
548 1572 680 1660 quando
694 1594 755 1661 pro
765 1574 842 1639 inde
866 1574 1033 1659 seysinam
1048 1572 1247 1652 habuerunt,
1263 1578 1298 1639 et
1312 1596 1372 1661 per
1386 1597 1493 1661 quem,
1509 1581 1544 1642 61
1559 1577 1587 1641 61
1602 1575 1747 1642 fideliter

247 1662 287 1727 de
302 1662 423 1728 1611116
438 1663 518 1751 regi,
533 1664 772 1750 responderim,
788 1663 842 1729 vel
857 1685 924 1729 non
935 1687 988 1729 2-

290 1778 344 1844 Ad
369 1779 431 1844 hoc
454 1778 655 1866 respondent
673 1779 839 1866 juratores
855 1783 889 1845 61
904 1779 1031 1856 116661,
1048 1777 1136 1863 6661
1160 1798 1267 1844 comes
1285 1778 1488 1847 Gloucestrie
1514 1785 1566 1847 661
1592 1780 1747 1847 dominus

245 1867 410 1934 hundredi
425 1867 466 1934 de
482 1869 641 1935 Haselore
666 1875 701 1935 61
716 1870 829 1936 16161
841 1868 1026 1934 ballivuum
1053 1889 1151 1933 suum
1174 1868 1326 1952 juratum
1343 1869 1537 1948 vicecomiti,
1553 1871 1612 1956 qui
1627 1871 1746 1957 recipit

245 1963 396 2024 extracta
412 1963 446 2024 61
460 1959 734 2026 summoniciones
750 1981 770 2024 6
785 1959 977 2026 vicecomite
993 1980 1054 2046 pro
1069 1957 1192 2022 1611116
1216 1958 1342 2022 domini
1358 1960 1446 2046 regis
1457 1960 1607 2025 levandis
1623 1967 1657 2026 et
1672 1960 1747 2024 aliis

246 2069 309 2133 que
331 2053 478 2136 tangunt
504 2049 673 2115 dominum
698 2071 817 2135 regem,
843 2053 875 2113 et
897 2048 974 2112 inde
1001 2048 1145 2113 fideliter
1170 2049 1347 2133 respondet
1373 2050 1568 2128 vicecomiti,
1598 2054 1633 2115 et
1659 2050 1748 2115 idem

245 2159 352 2202 comes
367 2145 402 2204 et
416 2138 658 2226 predecessores
681 2139 732 2202 sui
748 2138 825 2203 inde
853 2138 1045 2204 habuerunt
1059 2137 1226 2224 seysinam
1241 2160 1262 2202 6
1277 2142 1426 2224 tempore
1450 2161 1516 2226 quo
1532 2139 1615 2205 duas
1636 2144 1748 2226 partes

245 2227 383 2314 predicti
408 2228 574 2294 hundredi
590 2229 631 2294 de
659 2228 804 2294 Henrico
819 2229 860 2293 de
876 2228 974 2293 Novo
1001 2228 1114 2315 Burgo
1129 2228 1411 2313 perquisiverunt,
1427 2236 1461 2294 et
1476 2230 1564 2295 idem
1580 2229 1748 2295 Henricus

246 2323 280 2383 61
294 2318 538 2420 predecessores
564 2319 617 2385 sui
644 2317 721 2384 inde
742 2319 933 2384 habuerunt
947 2318 1113 2403 saysinam
1128 2338 1150 2380 6
1165 2323 1312 2404 tempore
1328 2341 1394 2404 quo
1411 2320 1553 2386 hominis
1568 2343 1636 2386 non
1651 2323 1747 2385 extat

246 2428 410 2475 mamona.

290 2538 377 2603 Item
393 2543 475 2624 quot
490 2538 569 2604 villa
584 2537 621 2603 in
644 2539 825 2616 hundred0,
842 2542 876 2604 61
891 2559 954 2624 666
977 2542 1059 2602 sunt
1080 2536 1215 2623 regales,
1231 2559 1290 2602 666
1305 2538 1525 2625 guyldabiles,
1541 2545 1575 2604 61
1591 2563 1655 2626 666
1670 2563 1747 2619 666,

246 2629 323 2785 661166
325 2633 447 2785 ῐ16161-66
462 2650 576 2696 earum
591 2633 754 2709 mutatur,
768 2649 829 2716 per
843 2650 926 2715 quos
941 2632 1102 2705 mutatur,
1118 2630 1187 2693 616
1202 2648 1268 2713 666
1283 2632 1441 2715 tempore,
1457 2630 1565 2715 61661
1581 2651 1635 2696 aas
1651 2633 1749 2698 modo

291 2834 348 2900 Ad
363 2834 426 2900 hoc
440 2835 639 2921 respondent
662 2833 802 2922 predicti
820 2834 995 2921 juratores,
1019 2837 1054 2900 et
1077 2833 1193 2899 dicunt
1216 2833 1306 2918 quod
1321 2853 1434 2899 omnes
1450 2835 1529 2901 ville
1544 2836 1585 2902 de
1600 2836 1749 2926 predicto

246 2948 418 3015 hundredo
433 2953 513 3014 sunt
527 2948 588 3015 166
600 2972 653 3016 :—

288 3088 378 3155 Villa
392 3090 433 3156 de
446 3089 665 3155 Bsnnrcmr.
712 3089 802 3157 Villa
812 3090 854 3155 de
870 3087 982 3157 Cirr.
1027 3087 1118 3154 Villa
1131 3087 1173 3153 de
1189 3087 1327 3153 Hmsr.
1384 3087 1473 3156 Villa
1488 3091 1529 3157 de
1545 3091 1750 3166 Euacunsa

246 3178 334 3245 Villa
348 3179 699 3247 deBmcsnsrwmn
749 3180 835 3246 Villa
849 3180 890 3246 de
906 3180 1103 3245 Esrrrsnn.
1142 3177 1231 3242 Villa
1246 3178 1287 3243 de
1304 3178 1564 3250 1666666666.
1611 3185 1701 3253 Villa
1710 3189 1751 3255 de

249 3266 507 3335 Osannsnuru.
563 3269 652 3335 Villa
668 3270 707 3335 de
724 3269 922 3337 Cunrmcu.
976 3268 1067 3334 Villa
1089 3268 1131 3333 de
1146 3267 1360 3334 Povrscrou.
1417 3268 1509 3334 Villa
1532 3271 1573 3337 de
1601 3272 1749 3346 crona.

249 3358 336 3424 Villa
351 3358 391 3423 de
406 3360 668 3426 anrrssoas.
715 3359 806 3426 Villa
820 3361 862 3426 de
877 3358 1077 3424 16666666.

290 3486 335 3552 Ε1
349 3492 429 3552 6661
452 3508 565 3552 omnes
589 3486 735 3574 predicte
752 3487 830 3553 ville
853 3485 1065 3574 guyldabiles
1088 3506 1163 3552 cum
1183 3483 1357 3550 hundredo
1371 3484 1414 3550 ad
1430 3508 1550 3573 regem,
1566 3491 1691 3560 scilicet
1705 3494 1750 3560 ad

248 3580 383 3641 turnum
394 3577 606 3655 vicecomitis,
616 3582 649 3643 61
659 3574 1245 3663 adamerciamentajusticiariorum,
1261 3579 1371 3661 preter
1382 3574 1497 3640 villam
1508 3578 1548 3643 de
1558 3578 1750 3663 Povmrorr,

250 3686 312 3751 666
340 3670 392 3731 661
417 3666 550 3733 6116116
577 3667 616 3731 16
644 3668 710 3733 Β66
736 3666 949 3753 Herlewyne,
977 3671 1012 3731 61
1036 3670 1148 3752 preter
1178 3664 1293 3729 villam
1321 3664 1584 3748 1616666606,
1611 3681 1751 3757 666661

247 3754 417 3841 Engrumii
432 3755 463 3821 16
479 3756 636 3843 Walleys,
652 3763 686 3821 et
701 3757 871 3843 predictus
896 3756 1097 3843 Engramius
1112 3759 1204 3820 tenet
1229 3754 1411 3840 predictam
1426 3757 1542 3823 villam
1559 3760 1599 3826 de
1614 3762 1748 3831 domino

247 3864 322 3933 rege
337 3846 356 3911 i.
373 3867 399 3912 6.
416 3845 569 3912 faciendo
584 3846 761 3912 servicium
777 3846 819 3913 di.
837 3845 860 3913 1.
877 3867 918 3914 m.
935 3851 970 3912 61
984 3845 1111 3911 nullius
1126 3844 1206 3909 ville
1220 3848 1329 3910 status
1344 3850 1504 3912 mutatur.

291 3975 377 4042 Item
393 3977 433 4042 de
456 3976 563 4043 feodis
587 3977 743 4055 militum,
759 3999 824 4063 que
850 3980 1007 4043 tenentur
1031 3976 1067 4040 in
1091 3976 1199 4061 capite
1225 3974 1267 4039 de
1291 3996 1378 4061 rege,
1393 3976 1452 4061 qui
1467 3999 1507 4042 ea
1522 3982 1647 4060 tenent,
1663 3989 1698 4049 61
1711 3985 1748 4051 16

246 4065 365 4149 661166
381 4066 479 4145 villis,
495 4071 530 4133 61
545 4068 602 4152 661
618 4072 698 4133 6661
721 4072 872 4133 16666166
894 4066 973 4143 6616,
987 4071 1022 4133 61
1038 4065 1200 4142 6116661,
1216 4065 1394 4130 616616166
1408 4066 1466 4131 ubi
1482 4067 1749 4157 distnngendum

248 4155 292 4221 sit
307 4179 367 4243 pro
383 4156 525 4222 servicio
540 4157 636 4243 regis,
652 4158 680 4221 si
696 4180 716 4221 6
731 4162 821 4223 retro
837 4155 943 4223 fuerit
954 4181 1007 4221 2-

290 4285 343 4350 Ad
370 4283 433 4350 hoc
456 4285 658 4371 respondent
684 4289 717 4352 et
744 4286 870 4363 dicunt,
896 4285 981 4370 quod
1008 4306 1116 4351 comcs
1144 4283 1351 4350 Gloucestrie
1378 4290 1471 4350 tenet
1494 4291 1680 4357 manerium
1707 4295 1748 4361 de

246 4372 386 4441 060116
410 4380 445 4440 61
471 4374 512 4439 16
538 4375 783 4441 66666616.
808 4376 849 4441 16
876 4397 962 4461 rege,
990 4380 1024 4440 et
1048 4373 1132 4439 facit
1154 4372 1289 4437 domino
1314 4373 1384 4459 regi
1401 4376 1578 4442 servicium
1603 4401 1664 4465 pro
1689 4384 1748 4451 illo

246 4465 392 4530 manerio
407 4486 474 4530 uns
490 4486 565 4532 cum
581 4464 654 4529 aliis
671 4466 827 4531 maneriis
843 4465 921 4543 suis,
937 4486 995 4551 per
1010 4463 1099 4549 quod
1114 4462 1292 4527 servicium
1307 4461 1472 4548 ignorant.

288 4594 375 4659 Item
389 4592 492 4658 abbas
517 4594 559 4658 de
576 4592 682 4660 Cerne
707 4598 801 4661 tenet
825 4591 1009 4660 manerium
1029 4591 1070 4655 de
1086 4588 1310 4657 curramus
1326 4588 1347 4652 i.
1363 4610 1389 4655 6.
1406 4590 1696 4687 dedomincrege,
1712 4610 1747 4670 et

244 4683 326 4751 facit
340 4683 517 4750 servicium
533 4684 667 4749 domino
683 4684 753 4771 regi
769 4706 829 4773 pro
844 4684 903 4749 illo
917 4681 1066 4748 manerio
1080 4701 1149 4745 una
1164 4701 1239 4746 cum
1264 4679 1339 4744 aliis
1360 4682 1515 4748 maneriis
1530 4685 1610 4766 suis,
1625 4710 1690 4775 que
1705 4694 1746 4761 de

244 4773 377 4839 domino
391 4795 426 4839 re
483 4777 575 4839 16661
591 4773 611 4837 i.
627 4795 652 4840 6.
670 4795 728 4860 per
744 4774 924 4851 baroniam,
939 4794 1000 4860 pro
1015 4770 1145 4836 duobus
1160 4770 1263 4836 feodis
1279 4768 1434 4849 militum,
1450 4772 1603 4842 faciendo
1617 4779 1694 4848 inde
1710 4785 1743 4850 in

244 4864 408 4930 excercitu
446 4863 550 4928 omini
565 4863 652 4952 regis
667 4864 843 4931 servicium
858 4864 958 4930 unius
973 4861 1099 4927 militis.

287 4994 373 5060 item
389 4992 557 5059 abbatissa
573 4993 750 5059 Shaltonie
761 5000 854 5060 tenet
871 4994 1160 5059 Bnncnuuuwnnu
1174 4992 1194 5055 i.
1211 5012 1234 5056 6
1247 4992 1288 5055 16
1304 4992 1438 5057 domino
1453 5016 1538 5081 rege,
1554 4999 1595 5064 de
1610 5000 1748 5073 baronia

244 5106 311 5162 sua,
328 5089 361 5151 et
378 5082 461 5149 iacit
477 5084 612 5149 domino
627 5085 697 5172 regi
714 5085 889 5150 servicium
912 5106 972 5171 pro
996 5082 1055 5147 illa
1081 5094 1172 5148 terra
1197 5102 1266 5144 una
1292 5101 1368 5146 cum
1392 5082 1467 5148 aliis
1494 5090 1651 5156 maneriis
1666 5096 1747 5176 suis,

245 5195 306 5259 que
322 5173 362 5239 de
379 5173 514 5240 domino
528 5196 606 5260 rege
622 5180 722 5240 tenet.

286 5304 372 5370 Item
397 5304 547 5390 predicta
562 5304 732 5370 abbatissa
747 5310 839 5370 tenet
862 5304 976 5370 villam
994 5304 1034 5367 de
1051 5302 1158 5367 Hnmv
1174 5305 1209 5365 et
1224 5299 1339 5364 villam
1355 5302 1396 5365 de
1413 5301 1608 5370 1166666166
1623 5309 1644 5374 1.
1662 5332 1686 5375 6.
1704 5313 1746 5376 de

244 5394 375 5460 domino
402 5415 480 5481 rege
503 5394 544 5459 de
568 5394 705 5459 baronia
728 5416 796 5472 sua,
813 5394 943 5462 etfacit
967 5393 1145 5459 servicium
1169 5413 1229 5478 pro
1244 5390 1312 5455 11116
1327 5412 1395 5457 666
1411 5412 1485 5456 cum
1501 5395 1575 5460 aliis
1590 5401 1748 5464 maneriis

244 5484 321 5563 suis,
337 5506 401 5570 666
416 5483 458 5548 (16
474 5483 610 5549 domino
626 5485 712 5570 regis
728 5488 828 5551 16661.
