4117 6200
914 550 995 627 AD.
1022 552 1117 616 1431.
1708 551 1773 615 105

314 771 483 837 Predictus
505 768 675 835 Johannes
700 765 865 851 Ohidyok,
881 765 1037 841 chivaler,
1052 768 1146 830 tenet
1169 764 1302 828 diversa
1327 769 1431 830 terras
1459 772 1493 829 et
1520 768 1709 830 tenementa
1735 764 1769 827 in

267 862 423 927 Murmur
447 859 601 924 Nawrou
617 856 774 945 predicta,
790 877 854 941 que
878 876 946 920 non
969 859 1127 921 tenentur
1152 876 1212 940 per
1235 854 1411 920 servicium
1438 854 1592 932 militare,
1607 858 1642 919 et
1656 853 1771 919 valent

269 972 477 1040 perannum,
493 948 739 1033 ultrareprisas
882 985 895 996 -
1074 982 1088 995 ·
1267 980 1281 993 ·
1458 982 1471 994 ·
1651 980 1663 991 -
1709 964 1772 1009 ca.

321 1064 521 1143 willelmus,
538 1062 691 1128 dominus
706 1060 747 1126 de
763 1060 902 1138 Souche‚
918 1058 1074 1137 chivaler,
1089 1063 1182 1124 tenet
1196 1058 1231 1123 in
1248 1058 1362 1123 endem
1378 1057 1459 1123 villa
1473 1057 1606 1124 diversa
1615 1062 1722 1125 terras
1737 1062 1772 1123 et

275 1160 464 1221 tenementa
478 1175 538 1241 per
553 1152 728 1217 servicium
745 1150 886 1216 duarum
902 1150 1050 1237 parcium
1066 1154 1184 1235 quarte
1199 1149 1304 1236 partis
1320 1170 1374 1213 nn.
1390 1147 1412 1213 f.
1430 1170 1471 1214 m.

318 1268 522 1357 Reginsldus
539 1266 641 1344 West,
651 1261 810 1332 'dominus
826 1265 867 1330 de
883 1265 916 1329 16
931 1264 1058 1342 Warre,
1073 1264 1228 1341 chivaler,
1243 1267 1336 1329 tenet
1350 1263 1535 1328 manerium
1545 1262 1586 1328 (16
1603 1262 1771 1330 munros

274 1360 427 1438 Veteres,
442 1360 478 1424 in
494 1358 606 1425 eodem
622 1356 805 1433 hundreda,
821 1377 881 1442 per
896 1354 1072 1420 servicium
1088 1353 1276 1420 medietatis
1292 1374 1347 1419 un.
1363 1353 1387 1419 f.
1403 1376 1448 1419 m.

321 1528 404 1593 Item
424 1525 566 1591 ulterius
581 1524 698 1590 dicunt
713 1522 854 1611 predicti
865 1520 1044 1607 juratores,
1059 1521 1147 1607 qnod
1160 1544 1212 1585 :—

904 1734 1136 1802 EKERDON.

314 1890 520 1957 Humfredus
544 1890 691 1958 Stsfford
714 1891 756 1956 de
779 1890 887 1968 Hoke,
903 1890 938 1954 in
961 1890 1123 1957 comitatu
1145 1889 1294 1967 Dorsete,
1310 1891 1412 1969 miles,
1428 1897 1520 1959 tenet
1534 1894 1718 1960 manerium
1735 1897 1776 1962 (16

275 1977 392 2060 Horra,
407 1982 442 2046 in
457 1982 607 2070 predicto
623 1981 796 2046 hundredo
811 1981 852 2046 de
868 1981 1034 2059 Ekerdon,
1049 2003 1108 2068 per
1122 1981 1299 2047 servicium
1315 1982 1503 2047 medietatis
1518 2004 1573 2049 un.
1590 1984 1610 2048 f.
1627 2007 1668 2051 m.

315 2096 407 2161 Idem
425 2096 632 2163 Humfredus
649 2102 741 2163 tenet
755 2096 888 2163 diversa
910 2102 1017 2164 terras
1034 2102 1069 2163 et
1084 2102 1273 2162 tenementa
1297 2096 1332 2161 in
1349 2097 1501 2163 Nmsee
1526 2097 1775 2180 Kurmecouau,

280 2185 317 2249 in
332 2186 445 2253 eodem
461 2187 644 2265 hundredo,
659 2209 719 2275 per
730 2187 908 2253 servicium
925 2192 1041 2253 octave
1056 2188 1161 2274 partis
1176 2208 1230 2251 un.
1247 2186 1270 2252 f.
1287 2209 1328 2252 m

318 2298 471 2367 Predicte
487 2301 692 2381 Elimbetha,
705 2323 812 2389 nuper
827 2323 912 2367 uxor
929 2300 1068 2367 Roberti
1086 2300 1205 2378 Lovell,
1222 2305 1315 2367 tenet
1330 2303 1515 2368 manerium
1530 2305 1571 2370 de
1587 2304 1777 2384 Waoxstu,

276 2388 313 2453 in
328 2391 440 2456 eodem
456 2391 641 2470 hundredo,
656 2413 716 2479 per
731 2391 910 2457 servicium
926 2389 1117 2456 medietatis
1132 2412 1187 2455 un.
1203 2390 1227 2455 f.
1242 2412 1285 2455 m.

320 2504 485 2571 Rubertus
512 2506 603 2593 Grey
629 2507 670 2572 de
701 2506 933 2583 Askereswcll,
959 2506 995 2570 in
1026 2506 1141 2571 ecdem
1167 2506 1337 2580 comitatu,
1352 2506 1505 2594 armiger,
1532 2512 1625 2574 tenet
1651 2510 1780 2577 diversa

275 2600 382 2769 {arpa}
396 2600 637 2750 iitininmem
660 2596 695 2661 in
710 2597 979 2674 Asuususwuuu,
994 2596 1029 2660 in
1046 2595 1161 2661 eodem
1187 2594 1368 2672 hundredo,
1384 2618 1445 2682 per
1458 2596 1635 2664 servicium
1652 2600 1778 2667 decime

321 2799 506 2865 Willelmus
531 2799 643 2865 Darell
676 2799 717 2865 de
742 2799 864 2877 Lacok,
879 2800 915 2863 iu
940 2799 1100 2865 comitutu
1122 2798 1249 2878 Wiltes,
1274 2801 1425 2888 armiger,
1453 2802 1554 2867 habet
1578 2808 1613 2869 et
1638 2805 1780 2893 percipit

275 2910 376 2952 unum
394 2911 542 2954 annuum
558 2889 724 2955 redditum
752 2890 860 2955 oneris
876 2912 907 2954 x.
920 2888 956 2953 lt'.
975 2888 1052 2971 vis.
1069 2888 1137 2975 viij.
1148 2891 1177 2955 d.
1194 2892 1389 2955 exeuncium
1413 2891 1455 2957 de
1478 2890 1617 2959 diversis
1632 2897 1730 2961 terris
1746 2902 1780 2963 ct

275 2978 472 3044 tenementis
487 2980 523 3043 in
539 2979 781 3044 Lusasssrnr
797 2984 831 3045 et
847 2979 1074 3044 Dowunuorn
1088 2979 1125 3043 in
1141 2979 1255 3045 eodem
1271 2980 1454 3046 hundredo.

322 3143 408 3210 Item
425 3143 567 3210 ulterius
585 3144 702 3212 dicunt
717 3143 857 3231 predicti
868 3143 1046 3230 juratores,
1062 3142 1151 3229 quod
1161 3168 1214 3210 :-

857 3404 1205 3490 nuemsmousn.

324 3565 494 3643 Ricardus,
517 3564 619 3630 abbas
647 3563 687 3630 de
713 3563 965 3649 Abbotysbury,
981 3562 1017 3626 in
1042 3560 1157 3626 eodem
1180 3562 1342 3627 comitatu
1369 3562 1517 3646 Dorsete,
1534 3571 1627 3634 tenet
1649 3571 1782 3640 diversa

279 3661 385 3722 terras
411 3661 446 3722 et
470 3660 662 3721 tenements
688 3653 724 3717 in
751 3653 1013 3729 Sflltvrrvurou,
1038 3651 1074 3715 in
1104 3651 1253 3737 predicto
1277 3653 1451 3720 hundredo
1477 3656 1519 3722 de
1545 3657 1781 3747 Uggescombe,

280 3747 490 3813 armortisatn
520 3743 721 3810 monasterio
751 3765 811 3808 suo
843 3741 884 3807 (16
913 3740 1157 3827 Abbotysbury
1187 3742 1336 3828 predicto
1366 3742 1450 3808 citre
1489 3745 1616 3814 dictum
1656 3773 1782 3818 annum

281 3837 483 3914 vicesimum,
498 3856 558 3922 per
573 3833 750 3900 servicium
767 3831 956 3898 medietatis
971 3835 1090 3917 quarte
1106 3832 1212 3918 partis
1227 3853 1282 3898 un.
1299 3831 1320 3897 f.
1336 3854 1379 3898 m.

325 3952 495 4018 Johsnnes
523 3949 601 4014 Ocle
633 3949 674 4013 de
706 3946 881 4024 Oenciord‚
905 3946 940 4009 in
973 3945 1087 4010 eodem
1119 3946 1288 4024 comitatu,
1313 3947 1508 4034 gentilman,
1534 3955 1627 4019 tenet
1651 3955 1783 4024 diverse

282 4053 388 4220 {effi}
401 4044 643 4196 {itiniffenm
658 4039 692 4102 in
711 4037 963 4102 smmmerou
986 4035 1147 4122 predicta,
1163 4056 1224 4121 per
1249 4037 1427 4103 servicium
1451 4039 1641 4109 medietatis
1665 4054 1783 4132 quarte

327 4247 506 4322 Johannes,
521 4243 675 4308 dominus
699 4242 740 4307 de
766 4239 920 4327 Typtoit,
942 4240 1046 4315 miles,
1061 4242 1154 4303 tenet
1180 4238 1313 4302 diversa
1336 4244 1443 4306 terras
1470 4247 1504 4307 et
1530 4248 1722 4316 tenements
1748 4253 1785 4317 in

285 4335 474 4401 LANGETON
498 4334 652 4398 HERYNG
668 4332 704 4396 in
719 4330 833 4396 eodem
849 4329 1031 4406 hundredo,
1046 4349 1106 4413 per
1120 4327 1297 4392 servicium
1313 4335 1431 4413 quarte
1446 4333 1551 4417 partis
1566 4356 1622 4400 un.
1637 4337 1661 4403 f.
1678 4362 1719 4405 m.

327 4449 499 4516 Johennee
524 4445 635 4533 Fyloll
661 4445 703 4511 de
727 4444 923 4523 Wodelond,
938 4443 973 4507 in
1000 4441 1162 4508 comitatu
1188 4439 1338 4518 Dorsete,
1360 4445 1512 4531 armiger,
1528 4451 1622 4515 tenet
1650 4452 1785 4522 diversa

282 4545 387 4714 {effi}
402 4541 643 4694 ptltpnpnmente
658 4536 693 4600 in
710 4535 826 4600 eadem
842 4533 925 4598 ville
950 4533 992 4598 de
1008 4531 1199 4596 ueremur
1216 4530 1378 4609 Emere,
1394 4555 1454 4620 per
1468 4536 1646 4604 servicium
1664 4549 1784 4628 quarte

327 4743 501 4810 Predictus
517 4741 683 4808 Robertus
700 4739 791 4826 Grey
807 4742 901 4804 tenet
915 4736 1049 4801 diversa
1075 4739 1181 4801 terras
1206 4739 1241 4801 et
1264 4740 1455 4803 tenemente
1480 4739 1517 4804 in
1544 4741 1788 4818 Ermuwonvfflss

284 4834 391 4912 Peru,
407 4833 444 4898 in
459 4831 573 4898 eodem
590 4829 775 4907 hundredo,
790 4851 850 4915 per
864 4827 1042 4894 servicium
1057 4830 1174 4912 quarte
1189 4825 1295 4912 partis
1310 4847 1364 4893 un.
1381 4827 1406 4893 f.
1423 4850 1466 4894 m.

326 4948 433 5013 Alicia
449 4946 587 5031 Mertyn
603 4945 645 5010 de
660 4943 814 5009 Wnddon
829 4943 865 5007 in
881 4941 997 5008 eodem
1006 4939 1190 5018 hundred0,
1204 4941 1357 5020 wedewe,
1373 4949 1467 5011 tenet
1481 4945 1615 5016 diversa
1629 4956 1738 5021 terras
1754 4962 1789 5026 61

284 5041 473 5103 tenementa
488 5037 523 5100 in
539 5034 704 5101 WADDON
719 5033 879 5121 predicta,
894 5054 954 5119 per
969 5030 1149 5096 servicium
1164 5036 1280 5096 octsve
1295 5033 1402 5118 partis
1418 5056 1472 5100 un.
1489 5036 1513 5101 f.
1529 5059 1569 5103 m.

329 5152 500 5218 Predictus
515 5149 725 5214 Humfredus
738 5147 882 5214 Stafford
899 5152 933 5212 et
947 5146 1113 5211 Robertus
1126 5145 1288 5233 Brunyng
1303 5149 1345 5211 de
1356 5147 1584 5236 Wynterborn
1600 5155 1788 5244 Stupelton,

285 5242 320 5306 in
346 5242 460 5309 eodem
488 5240 651 5306 comitatu
678 5239 826 5315 Dorsete,
858 5237 1010 5324 armiger,
1038 5238 1156 5300 tenent
1180 5235 1313 5300 diversa
1339 5241 1445 5304 terras
1470 5247 1504 5304 et
1535 5247 1725 5314 tenementa
1753 5252 1789 5316 in

287 5332 553 5484 ervruuuofarpn
564 5329 770 5395 STUPELTON
794 5325 952 5414 predicta,
979 5323 1155 5390 incudem
1182 5323 1362 5403 hundreda,
1389 5351 1448 5415 per
1469 5332 1645 5401 servicium
1671 5347 1789 5422 quarte

286 5429 390 5507 partis
407 5444 463 5488 un.
497 5469 503 5485 .
556 5466 562 5483 .
