<?xml version="1.0" encoding="UTF-8"?>
<!DOCTYPE html PUBLIC "-//W3C//DTD XHTML 1.0 Transitional//EN"
    "http://www.w3.org/TR/xhtml1/DTD/xhtml1-transitional.dtd">
<html xmlns="http://www.w3.org/1999/xhtml" xml:lang="en" lang="en">
 <head>
  <title>
</title>
<meta http-equiv="Content-Type" content="text/html;charset=utf-8" />
  <meta name='ocr-system' content='tesseract 3.04.00' />
  <meta name='ocr-capabilities' content='ocr_page ocr_carea ocr_par ocr_line ocrx_word'/>
</head>
<body>
  <div class='ocr_page' id='page_1' title='image "./inquisitionsand01offigoog_0192.png"; bbox 0 0 4117 6200; ppageno 0'>
   <div class='ocr_carea' id='block_1_1' title="bbox 211 569 1126 657">
    <p class='ocr_par' dir='ltr' id='par_1_1' title="bbox 211 569 1126 657">
     <span class='ocr_line' id='line_1_1' title="bbox 211 569 1126 657; baseline -0.004 -14"><span class='ocrx_word' id='word_1_1' title='bbox 211 569 214 585; x_wconf 89' lang='grc'><em>·</em></span> <span class='ocrx_word' id='word_1_2' title='bbox 307 590 370 657; x_wconf 68' lang='lat'>173</span> <span class='ocrx_word' id='word_1_3' title='bbox 977 570 1126 639; x_wconf 77' lang='lat' dir='ltr'>ussus.</span> 
     </span>
    </p>
   </div>
   <div class='ocr_carea' id='block_1_2' title="bbox 310 855 1807 1053">
    <p class='ocr_par' dir='ltr' id='par_1_2' title="bbox 310 855 1807 1053">
     <span class='ocr_line' id='line_1_2' title="bbox 352 855 1807 959; baseline -0.017 -15"><span class='ocrx_word' id='word_1_4' title='bbox 352 878 536 944; x_wconf 87' lang='lat' dir='ltr'>Willelmus</span> <span class='ocrx_word' id='word_1_5' title='bbox 561 876 603 939; x_wconf 90' lang='lat' dir='ltr'>de</span> <span class='ocrx_word' id='word_1_6' title='bbox 628 873 767 957; x_wconf 82' lang='lat' dir='ltr'>Clopion</span> <span class='ocrx_word' id='word_1_7' title='bbox 791 872 884 934; x_wconf 72' lang='lat' dir='ltr'>tenet</span> <span class='ocrx_word' id='word_1_8' title='bbox 898 866 1086 932; x_wconf 75' lang='lat' dir='ltr'><strong>vicesimam</strong></span> <span class='ocrx_word' id='word_1_9' title='bbox 1100 866 1227 948; x_wconf 80' lang='lat' dir='ltr'>partem</span> <span class='ocrx_word' id='word_1_10' title='bbox 1242 862 1266 927; x_wconf 87' lang='lat' dir='ltr'>f.</span> <span class='ocrx_word' id='word_1_11' title='bbox 1283 863 1319 925; x_wconf 93' lang='lat' dir='ltr'>in</span> <span class='ocrx_word' id='word_1_12' title='bbox 1335 857 1458 941; x_wconf 83' lang='lat' dir='ltr'>cadom,</span> <span class='ocrx_word' id='word_1_13' title='bbox 1475 877 1574 943; x_wconf 91' lang='lat' dir='ltr'>quam</span> <span class='ocrx_word' id='word_1_14' title='bbox 1588 855 1751 959; x_wconf 76' lang='lat' dir='ltr'>iohannes</span> <span class='ocrx_word' id='word_1_15' title='bbox 1767 855 1807 920; x_wconf 85' lang='lat' dir='ltr'>de</span> 
     </span>
     <span class='ocr_line' id='line_1_3' title="bbox 310 965 1805 1053; baseline -0.018 -19"><span class='ocrx_word' id='word_1_16' title='bbox 310 969 446 1053; x_wconf 78' lang='lat' dir='ltr'>clopton</span> <span class='ocrx_word' id='word_1_17' title='bbox 461 965 569 1030; x_wconf 82' lang='lat' dir='ltr'>tenuit</span> <span class='ocrx_word' id='word_1_18' title='bbox 657 985 1681 1013; x_wconf 89' lang='lat'><strong>········</strong></span> <span class='ocrx_word' id='word_1_19' title='bbox 1726 965 1762 1029; x_wconf 75' lang='grc' dir='ltr'>ῃ.</span> <span class='ocrx_word' id='word_1_20' title='bbox 1778 967 1805 1008; x_wconf 82' lang='lat' dir='ltr'>s.</span> 
     </span>
    </p>
   </div>
   <div class='ocr_carea' id='block_1_3' title="bbox 310 1084 1807 1281">
    <p class='ocr_par' dir='ltr' id='par_1_3' title="bbox 310 1084 1807 1281">
     <span class='ocr_line' id='line_1_4' title="bbox 355 1084 1805 1171; baseline -0.019 0"><span class='ocrx_word' id='word_1_21' title='bbox 355 1106 448 1171; x_wconf 85' lang='lat' dir='ltr'>Prior</span> <span class='ocrx_word' id='word_1_22' title='bbox 472 1104 514 1168; x_wconf 90' lang='lat' dir='ltr'>de</span> <span class='ocrx_word' id='word_1_23' title='bbox 537 1098 683 1164; x_wconf 83' lang='lat' dir='ltr'>Hatfieid</span> <span class='ocrx_word' id='word_1_24' title='bbox 706 1101 741 1162; x_wconf 82' lang='lat' dir='ltr'>et</span> <span class='ocrx_word' id='word_1_25' title='bbox 763 1093 928 1160; x_wconf 88' lang='lat' dir='ltr'>Johsunes</span> <span class='ocrx_word' id='word_1_26' title='bbox 953 1092 993 1156; x_wconf 88' lang='lat' dir='ltr'>de</span> <span class='ocrx_word' id='word_1_27' title='bbox 1015 1090 1157 1155; x_wconf 85' lang='lat' dir='ltr'>Gerncrs</span> <span class='ocrx_word' id='word_1_28' title='bbox 1184 1090 1310 1166; x_wconf 72' lang='lat' dir='ltr'>(rectius</span> <span class='ocrx_word' id='word_1_29' title='bbox 1335 1085 1483 1165; x_wconf 84' lang='lat' dir='ltr'>Berners)</span> <span class='ocrx_word' id='word_1_30' title='bbox 1515 1086 1633 1148; x_wconf 78' lang='lat' dir='ltr'>tenent</span> <span class='ocrx_word' id='word_1_31' title='bbox 1656 1084 1805 1166; x_wconf 76' lang='lat' dir='ltr'><strong>quartam</strong></span> 
     </span>
     <span class='ocr_line' id='line_1_5' title="bbox 310 1167 1807 1281; baseline -0.019 -21"><span class='ocrx_word' id='word_1_32' title='bbox 310 1199 437 1281; x_wconf 79' lang='lat' dir='ltr'>partem</span> <span class='ocrx_word' id='word_1_33' title='bbox 458 1188 514 1279; x_wconf 79' lang='grc'>[1.]</span> <span class='ocrx_word' id='word_1_34' title='bbox 536 1192 571 1254; x_wconf 93' lang='lat' dir='ltr'>iu</span> <span class='ocrx_word' id='word_1_35' title='bbox 588 1189 805 1262; x_wconf 64' lang='lat' dir='ltr'>russorum,</span> <span class='ocrx_word' id='word_1_36' title='bbox 822 1201 920 1267; x_wconf 83' lang='lat' dir='ltr'>quum</span> <span class='ocrx_word' id='word_1_37' title='bbox 931 1178 1115 1243; x_wconf 87' lang='lat' dir='ltr'>Wiilelmus</span> <span class='ocrx_word' id='word_1_38' title='bbox 1129 1178 1169 1241; x_wconf 93' lang='lat' dir='ltr'>de</span> <span class='ocrx_word' id='word_1_39' title='bbox 1184 1175 1217 1239; x_wconf 87' lang='lat' dir='ltr'>la</span> <span class='ocrx_word' id='word_1_40' title='bbox 1231 1175 1345 1239; x_wconf 91' lang='lat' dir='ltr'>Doune</span> <span class='ocrx_word' id='word_1_41' title='bbox 1360 1179 1394 1239; x_wconf 84' lang='lat' dir='ltr'>et</span> <span class='ocrx_word' id='word_1_42' title='bbox 1409 1172 1430 1237; x_wconf 87' lang='lat' dir='ltr'>J</span> <span class='ocrx_word' id='word_1_43' title='bbox 1431 1174 1557 1238; x_wconf 88' lang='lat' dir='ltr'>ohanna</span> <span class='ocrx_word' id='word_1_44' title='bbox 1571 1172 1611 1235; x_wconf 88' lang='lat' dir='ltr'>de</span> <span class='ocrx_word' id='word_1_45' title='bbox 1625 1167 1807 1233; x_wconf 85' lang='lat' dir='ltr'>Thuuderle</span> 
     </span>
    </p>
   </div>
   <div class='ocr_carea' id='block_1_4' title="bbox 310 1278 1806 1366">
    <p class='ocr_par' dir='ltr' id='par_1_4' title="bbox 310 1278 1806 1366">
     <span class='ocr_line' id='line_1_6' title="bbox 310 1278 1806 1366; baseline -0.019 -19"><span class='ocrx_word' id='word_1_46' title='bbox 310 1281 485 1366; x_wconf 85' lang='lat' dir='ltr'>aliquando</span> <span class='ocrx_word' id='word_1_47' title='bbox 501 1280 678 1342; x_wconf 81' lang='lat' dir='ltr'>tenuerunt</span> <span class='ocrx_word' id='word_1_48' title='bbox 809 1310 821 1321; x_wconf 93' lang='lat'><em>-</em></span> <span class='ocrx_word' id='word_1_49' title='bbox 953 1307 965 1318; x_wconf 94' lang='lat'><strong>·</strong></span> <span class='ocrx_word' id='word_1_50' title='bbox 1099 1305 1110 1316; x_wconf 95' lang='lat'><em>-</em></span> <span class='ocrx_word' id='word_1_51' title='bbox 1677 1278 1764 1321; x_wconf 86' lang='lat' dir='ltr'>-x.</span> <span class='ocrx_word' id='word_1_52' title='bbox 1780 1279 1806 1319; x_wconf 82' lang='lat' dir='ltr'>s.</span> 
     </span>
    </p>
   </div>
   <div class='ocr_carea' id='block_1_5' title="bbox 314 1396 1810 1589">
    <p class='ocr_par' dir='ltr' id='par_1_5' title="bbox 314 1396 1810 1589">
     <span class='ocr_line' id='line_1_7' title="bbox 356 1396 1810 1482; baseline -0.017 0"><span class='ocrx_word' id='word_1_53' title='bbox 356 1419 517 1482; x_wconf 80' lang='lat' dir='ltr'>Dominus</span> <span class='ocrx_word' id='word_1_54' title='bbox 532 1415 553 1479; x_wconf 91' lang='lat' dir='ltr'>J</span> <span class='ocrx_word' id='word_1_55' title='bbox 554 1413 698 1478; x_wconf 80' lang='lat' dir='ltr'>ohannes</span> <span class='ocrx_word' id='word_1_56' title='bbox 712 1410 786 1473; x_wconf 85' lang='lat' dir='ltr'>Fitz</span> <span class='ocrx_word' id='word_1_57' title='bbox 802 1406 937 1471; x_wconf 77' lang='lat' dir='ltr'>Wauier</span> <span class='ocrx_word' id='word_1_58' title='bbox 951 1408 1043 1468; x_wconf 79' lang='lat' dir='ltr'>tenet</span> <span class='ocrx_word' id='word_1_59' title='bbox 1057 1403 1238 1468; x_wconf 77' lang='lat' dir='ltr'>manerium</span> <span class='ocrx_word' id='word_1_60' title='bbox 1253 1401 1293 1465; x_wconf 87' lang='lat' dir='ltr'>de</span> <span class='ocrx_word' id='word_1_61' title='bbox 1309 1402 1499 1467; x_wconf 82' lang='lat' dir='ltr'>Wvunrssu</span> <span class='ocrx_word' id='word_1_62' title='bbox 1515 1396 1555 1462; x_wconf 90' lang='lat' dir='ltr'>de</span> <span class='ocrx_word' id='word_1_63' title='bbox 1570 1396 1701 1461; x_wconf 92' lang='lat' dir='ltr'>domino</span> <span class='ocrx_word' id='word_1_64' title='bbox 1724 1414 1810 1481; x_wconf 82' lang='lat' dir='ltr'>rege,</span> 
     </span>
     <span class='ocr_line' id='line_1_8' title="bbox 314 1492 1082 1589; baseline -0.018 -18"><span class='ocrx_word' id='word_1_65' title='bbox 314 1512 367 1571; x_wconf 82' lang='lat' dir='ltr'>sei</span> <span class='ocrx_word' id='word_1_66' title='bbox 381 1526 439 1589; x_wconf 89' lang='lat' dir='ltr'>per</span> <span class='ocrx_word' id='word_1_67' title='bbox 453 1504 548 1588; x_wconf 88' lang='lat' dir='ltr'>quale</span> <span class='ocrx_word' id='word_1_68' title='bbox 562 1500 733 1565; x_wconf 85' lang='lat' dir='ltr'>servicium</span> <span class='ocrx_word' id='word_1_69' title='bbox 748 1516 812 1560; x_wconf 92' lang='lat' dir='ltr'>nou</span> <span class='ocrx_word' id='word_1_70' title='bbox 827 1497 936 1580; x_wconf 74' lang='lat' dir='ltr'>potest</span> <span class='ocrx_word' id='word_1_71' title='bbox 949 1492 1082 1576; x_wconf 85' lang='lat' dir='ltr'>inquiri.</span> 
     </span>
    </p>
   </div>
   <div class='ocr_carea' id='block_1_6' title="bbox 315 1619 1809 1806">
    <p class='ocr_par' dir='ltr' id='par_1_6' title="bbox 315 1619 1809 1806">
     <span class='ocr_line' id='line_1_9' title="bbox 359 1619 1809 1718; baseline -0.015 -12"><span class='ocrx_word' id='word_1_72' title='bbox 359 1642 517 1705; x_wconf 85' lang='lat' dir='ltr'>Dominus</span> <span class='ocrx_word' id='word_1_73' title='bbox 545 1637 711 1703; x_wconf 86' lang='lat' dir='ltr'>Johannes</span> <span class='ocrx_word' id='word_1_74' title='bbox 740 1631 911 1718; x_wconf 81' lang='lat' dir='ltr'>&#39;l&#39;ippetoft</span> <span class='ocrx_word' id='word_1_75' title='bbox 939 1635 1031 1695; x_wconf 75' lang='lat' dir='ltr'>tenet</span> <span class='ocrx_word' id='word_1_76' title='bbox 1061 1629 1220 1693; x_wconf 83' lang='lat' dir='ltr'>decimam</span> <span class='ocrx_word' id='word_1_77' title='bbox 1250 1632 1374 1712; x_wconf 84' lang='lat' dir='ltr'>partem</span> <span class='ocrx_word' id='word_1_78' title='bbox 1404 1645 1460 1689; x_wconf 93' lang='lat' dir='ltr'>un.</span> <span class='ocrx_word' id='word_1_79' title='bbox 1491 1624 1515 1689; x_wconf 85' lang='lat' dir='ltr'>f.</span> <span class='ocrx_word' id='word_1_80' title='bbox 1547 1623 1582 1686; x_wconf 93' lang='lat' dir='ltr'>in</span> <span class='ocrx_word' id='word_1_81' title='bbox 1616 1621 1741 1698; x_wconf 85' lang='lat' dir='ltr'>cadem,</span> <span class='ocrx_word' id='word_1_82' title='bbox 1769 1619 1809 1685; x_wconf 90' lang='lat' dir='ltr'>de</span> 
     </span>
     <span class='ocr_line' id='line_1_10' title="bbox 315 1708 1809 1806; baseline -0.015 -11"><span class='ocrx_word' id='word_1_83' title='bbox 315 1730 490 1796; x_wconf 79' lang='lat' dir='ltr'>heredibus</span> <span class='ocrx_word' id='word_1_84' title='bbox 505 1727 611 1792; x_wconf 87' lang='lat' dir='ltr'>uxoris</span> <span class='ocrx_word' id='word_1_85' title='bbox 627 1746 693 1803; x_wconf 91' lang='lat' dir='ltr'>sue,</span> <span class='ocrx_word' id='word_1_86' title='bbox 707 1742 805 1806; x_wconf 89' lang='lat' dir='ltr'>quam</span> <span class='ocrx_word' id='word_1_87' title='bbox 821 1718 1070 1784; x_wconf 73' lang='lat' dir='ltr'>Bartholomeus</span> <span class='ocrx_word' id='word_1_88' title='bbox 1086 1717 1126 1781; x_wconf 88' lang='lat' dir='ltr'>de</span> <span class='ocrx_word' id='word_1_89' title='bbox 1141 1716 1290 1780; x_wconf 83' lang='lat' dir='ltr'>Enefield</span> <span class='ocrx_word' id='word_1_90' title='bbox 1304 1713 1478 1797; x_wconf 88' lang='lat' dir='ltr'>aliquando</span> <span class='ocrx_word' id='word_1_91' title='bbox 1493 1711 1603 1776; x_wconf 75' lang='lat' dir='ltr'>tenuit</span> <span class='ocrx_word' id='word_1_92' title='bbox 1648 1749 1661 1763; x_wconf 91' lang='lat'>-</span> <span class='ocrx_word' id='word_1_93' title='bbox 1705 1708 1766 1792; x_wconf 93' lang='lat' dir='ltr'>iiij.</span> <span class='ocrx_word' id='word_1_94' title='bbox 1783 1730 1809 1773; x_wconf 85' lang='lat' dir='ltr'>s.</span> 
     </span>
    </p>
   </div>
   <div class='ocr_carea' id='block_1_7' title="bbox 319 1850 1810 2030">
    <p class='ocr_par' dir='ltr' id='par_1_7' title="bbox 319 1850 1810 2030">
     <span class='ocr_line' id='line_1_11' title="bbox 360 1850 1810 1939; baseline -0.016 -7"><span class='ocrx_word' id='word_1_95' title='bbox 360 1866 523 1934; x_wconf 85' lang='lat' dir='ltr'>Johsnnes</span> <span class='ocrx_word' id='word_1_96' title='bbox 548 1865 589 1928; x_wconf 91' lang='lat' dir='ltr'>de</span> <span class='ocrx_word' id='word_1_97' title='bbox 619 1864 759 1927; x_wconf 88' lang='lat' dir='ltr'>Gerners</span> <span class='ocrx_word' id='word_1_98' title='bbox 788 1861 913 1939; x_wconf 79' lang='lat' dir='ltr'>(rectius</span> <span class='ocrx_word' id='word_1_99' title='bbox 933 1857 1094 1936; x_wconf 82' lang='lat' dir='ltr'>Berners),</span> <span class='ocrx_word' id='word_1_100' title='bbox 1111 1860 1200 1921; x_wconf 76' lang='lat' dir='ltr'>tenet</span> <span class='ocrx_word' id='word_1_101' title='bbox 1224 1862 1277 1919; x_wconf 75' lang='lat'>1⁸¹³</span> <span class='ocrx_word' id='word_1_102' title='bbox 1303 1856 1430 1939; x_wconf 81' lang='lat' dir='ltr'>purtem</span> <span class='ocrx_word' id='word_1_103' title='bbox 1453 1852 1476 1917; x_wconf 86' lang='lat' dir='ltr'>f.</span> <span class='ocrx_word' id='word_1_104' title='bbox 1502 1853 1537 1915; x_wconf 91' lang='lat' dir='ltr'>in</span> <span class='ocrx_word' id='word_1_105' title='bbox 1563 1850 1687 1928; x_wconf 79' lang='lat' dir='ltr'>eodem,</span> <span class='ocrx_word' id='word_1_106' title='bbox 1714 1868 1810 1932; x_wconf 86' lang='lat' dir='ltr'>quam</span> 
     </span>
     <span class='ocr_line' id='line_1_12' title="bbox 319 1936 1809 2030; baseline -0.015 -8"><span class='ocrx_word' id='word_1_107' title='bbox 319 1956 484 2022; x_wconf 87' lang='lat' dir='ltr'>Johannes</span> <span class='ocrx_word' id='word_1_108' title='bbox 500 1953 587 2017; x_wconf 80' lang='lat' dir='ltr'>Beni</span> <span class='ocrx_word' id='word_1_109' title='bbox 604 1952 730 2030; x_wconf 79' lang='lat' dir='ltr'>(rectius</span> <span class='ocrx_word' id='word_1_110' title='bbox 746 1948 846 2024; x_wconf 81' lang='lat' dir='ltr'>Geni)</span> <span class='ocrx_word' id='word_1_111' title='bbox 865 1945 1027 2029; x_wconf 89' lang='lat' dir='ltr'>quondam</span> <span class='ocrx_word' id='word_1_112' title='bbox 1042 1945 1150 2008; x_wconf 78' lang='lat' dir='ltr'>tenuit</span> <span class='ocrx_word' id='word_1_113' title='bbox 1217 1982 1229 1997; x_wconf 91' lang='lat'><em>-</em></span> <span class='ocrx_word' id='word_1_114' title='bbox 1362 1980 1374 1993; x_wconf 91' lang='lat'>-</span> <span class='ocrx_word' id='word_1_115' title='bbox 1506 1979 1518 1992; x_wconf 91' lang='lat'>-</span> <span class='ocrx_word' id='word_1_116' title='bbox 1651 1977 1662 1989; x_wconf 95' lang='lat'><em>-</em></span> <span class='ocrx_word' id='word_1_117' title='bbox 1707 1936 1767 2020; x_wconf 92' lang='lat' dir='ltr'>iiij.</span> <span class='ocrx_word' id='word_1_118' title='bbox 1784 1958 1809 1999; x_wconf 86' lang='lat' dir='ltr'>s.</span> 
     </span>
    </p>
   </div>
   <div class='ocr_carea' id='block_1_8' title="bbox 319 2077 1812 2266">
    <p class='ocr_par' dir='ltr' id='par_1_8' title="bbox 319 2077 1812 2266">
     <span class='ocr_line' id='line_1_13' title="bbox 362 2077 1811 2172; baseline -0.015 -13"><span class='ocrx_word' id='word_1_119' title='bbox 362 2092 526 2160; x_wconf 86' lang='lat' dir='ltr'>Johauues</span> <span class='ocrx_word' id='word_1_120' title='bbox 540 2090 653 2172; x_wconf 77' lang='lat' dir='ltr'>Benge</span> <span class='ocrx_word' id='word_1_121' title='bbox 668 2093 703 2153; x_wconf 81' lang='lat' dir='ltr'>et</span> <span class='ocrx_word' id='word_1_122' title='bbox 717 2085 880 2151; x_wconf 87' lang='lat' dir='ltr'>Johanues</span> <span class='ocrx_word' id='word_1_123' title='bbox 895 2084 1014 2149; x_wconf 79' lang='lat' dir='ltr'>Gordel</span> <span class='ocrx_word' id='word_1_124' title='bbox 1029 2087 1138 2149; x_wconf 81' lang='lat' dir='ltr'>tenent</span> <span class='ocrx_word' id='word_1_125' title='bbox 1163 2088 1217 2146; x_wconf 71' lang='lat'>1¹³²</span> <span class='ocrx_word' id='word_1_126' title='bbox 1238 2077 1394 2169; x_wconf 81' lang='lat' dir='ltr'>[purtem]</span> <span class='ocrx_word' id='word_1_127' title='bbox 1415 2078 1441 2146; x_wconf 85' lang='lat' dir='ltr'>i.</span> <span class='ocrx_word' id='word_1_128' title='bbox 1465 2080 1501 2144; x_wconf 92' lang='lat' dir='ltr'>in</span> <span class='ocrx_word' id='word_1_129' title='bbox 1526 2079 1546 2146; x_wconf 88' lang='lat' dir='ltr'><strong>J</strong></span> <span class='ocrx_word' id='word_1_130' title='bbox 1548 2097 1687 2157; x_wconf 74' lang='lat' dir='ltr'>sunum,</span> <span class='ocrx_word' id='word_1_131' title='bbox 1714 2095 1811 2160; x_wconf 89' lang='lat' dir='ltr'>quam</span> 
     </span>
     <span class='ocr_line' id='line_1_14' title="bbox 319 2164 1812 2266; baseline -0.013 -17"><span class='ocrx_word' id='word_1_132' title='bbox 319 2181 511 2266; x_wconf 86' lang='lat' dir='ltr'>Radulphus</span> <span class='ocrx_word' id='word_1_133' title='bbox 526 2176 644 2243; x_wconf 85' lang='lat' dir='ltr'>Gordel</span> <span class='ocrx_word' id='word_1_134' title='bbox 658 2176 794 2240; x_wconf 77' lang='lat' dir='ltr'>teunit-</span> <span class='ocrx_word' id='word_1_135' title='bbox 927 2212 939 2224; x_wconf 91' lang='lat'>-</span> <span class='ocrx_word' id='word_1_136' title='bbox 1072 2211 1083 2223; x_wconf 93' lang='lat'><em>·</em></span> <span class='ocrx_word' id='word_1_137' title='bbox 1217 2209 1228 2222; x_wconf 97' lang='lat'>-</span> <span class='ocrx_word' id='word_1_138' title='bbox 1360 2206 1374 2222; x_wconf 89' lang='lat'><strong>·</strong></span> <span class='ocrx_word' id='word_1_139' title='bbox 1505 2204 1518 2219; x_wconf 91' lang='lat'><strong>·</strong></span> <span class='ocrx_word' id='word_1_140' title='bbox 1650 2164 1769 2248; x_wconf 90' lang='lat' dir='ltr'>-iiij.</span> <span class='ocrx_word' id='word_1_141' title='bbox 1785 2185 1812 2229; x_wconf 86' lang='lat' dir='ltr'>s.</span> 
     </span>
    </p>
   </div>
   <div class='ocr_carea' id='block_1_9' title="bbox 319 2302 1814 2494">
    <p class='ocr_par' dir='ltr' id='par_1_9' title="bbox 319 2302 1814 2494">
     <span class='ocr_line' id='line_1_15' title="bbox 362 2302 1814 2383; baseline -0.012 0"><span class='ocrx_word' id='word_1_142' title='bbox 362 2319 523 2383; x_wconf 87' lang='lat' dir='ltr'>Dominus</span> <span class='ocrx_word' id='word_1_143' title='bbox 547 2314 689 2379; x_wconf 76' lang='lat' dir='ltr'>Thomas</span> <span class='ocrx_word' id='word_1_144' title='bbox 714 2314 755 2376; x_wconf 88' lang='lat' dir='ltr'>de</span> <span class='ocrx_word' id='word_1_145' title='bbox 779 2309 916 2375; x_wconf 84' lang='lat' dir='ltr'>Berkele</span> <span class='ocrx_word' id='word_1_146' title='bbox 940 2315 1034 2374; x_wconf 77' lang='lat' dir='ltr'>tenet</span> <span class='ocrx_word' id='word_1_147' title='bbox 1057 2310 1237 2373; x_wconf 87' lang='lat' dir='ltr'>manerium</span> <span class='ocrx_word' id='word_1_148' title='bbox 1262 2307 1302 2373; x_wconf 88' lang='lat' dir='ltr'>de</span> <span class='ocrx_word' id='word_1_149' title='bbox 1317 2308 1470 2377; x_wconf 77' lang='lat' dir='ltr'>Wssonu</span> <span class='ocrx_word' id='word_1_150' title='bbox 1493 2306 1615 2373; x_wconf 75' lang='lat' dir='ltr'>Munus</span> <span class='ocrx_word' id='word_1_151' title='bbox 1630 2303 1670 2369; x_wconf 89' lang='lat' dir='ltr'>de</span> <span class='ocrx_word' id='word_1_152' title='bbox 1685 2302 1814 2367; x_wconf 89' lang='lat' dir='ltr'>domino</span> 
     </span>
     <span class='ocr_line' id='line_1_16' title="bbox 319 2397 1190 2494; baseline -0.011 -23"><span class='ocrx_word' id='word_1_153' title='bbox 319 2427 410 2494; x_wconf 82' lang='lat' dir='ltr'>rege,</span> <span class='ocrx_word' id='word_1_154' title='bbox 424 2411 474 2470; x_wconf 82' lang='lat' dir='ltr'>sei</span> <span class='ocrx_word' id='word_1_155' title='bbox 488 2426 546 2490; x_wconf 88' lang='lat' dir='ltr'>per</span> <span class='ocrx_word' id='word_1_156' title='bbox 560 2403 655 2488; x_wconf 78' lang='lat' dir='ltr'>qualo</span> <span class='ocrx_word' id='word_1_157' title='bbox 671 2401 840 2467; x_wconf 82' lang='lat' dir='ltr'>servicium</span> <span class='ocrx_word' id='word_1_158' title='bbox 854 2419 920 2463; x_wconf 92' lang='lat' dir='ltr'>non</span> <span class='ocrx_word' id='word_1_159' title='bbox 933 2397 1043 2482; x_wconf 77' lang='lat' dir='ltr'>potuit</span> <span class='ocrx_word' id='word_1_160' title='bbox 1058 2397 1190 2480; x_wconf 88' lang='lat' dir='ltr'>inquiri.</span> 
     </span>
    </p>
   </div>
   <div class='ocr_carea' id='block_1_10' title="bbox 321 2529 1815 2695">
    <p class='ocr_par' dir='ltr' id='par_1_10' title="bbox 321 2529 1815 2695">
     <span class='ocr_line' id='line_1_17' title="bbox 321 2529 1815 2695; baseline -0.009 -88"><span class='ocrx_word' id='word_1_161' title='bbox 321 2542 534 2695; x_wconf 38' lang='grc' dir='ltr'>ὑί1111119111(</span> <span class='ocrx_word' id='word_1_162' title='bbox 548 2541 715 2623; x_wconf 88' lang='lat' dir='ltr'>Leuveyse</span> <span class='ocrx_word' id='word_1_163' title='bbox 729 2542 823 2601; x_wconf 79' lang='lat' dir='ltr'>tenet</span> <span class='ocrx_word' id='word_1_164' title='bbox 836 2555 892 2600; x_wconf 92' lang='lat' dir='ltr'>un.</span> <span class='ocrx_word' id='word_1_165' title='bbox 909 2535 932 2601; x_wconf 86' lang='lat' dir='ltr'>f.</span> <span class='ocrx_word' id='word_1_166' title='bbox 949 2536 983 2598; x_wconf 92' lang='lat' dir='ltr'>iu</span> <span class='ocrx_word' id='word_1_167' title='bbox 999 2536 1151 2613; x_wconf 82' lang='lat' dir='ltr'>Wrnrou‚</span> <span class='ocrx_word' id='word_1_168' title='bbox 1174 2534 1260 2618; x_wconf 93' lang='lat' dir='ltr'>quod</span> <span class='ocrx_word' id='word_1_169' title='bbox 1283 2533 1440 2598; x_wconf 84' lang='lat' dir='ltr'>Robsrtus</span> <span class='ocrx_word' id='word_1_170' title='bbox 1463 2532 1627 2618; x_wconf 85' lang='lat' dir='ltr'>Lenveyse</span> <span class='ocrx_word' id='word_1_171' title='bbox 1652 2529 1815 2679; x_wconf 73' lang='lat' dir='ltr'>quonqam</span> 
     </span>
     <span class='ocr_line' id='line_1_18' title="bbox 350 2640 1815 2694; baseline -0.009 -11"><span class='ocrx_word' id='word_1_172' title='bbox 350 2651 414 2694; x_wconf 41' lang='lat' dir='ltr'>&#39;nm</span> <span class='ocrx_word' id='word_1_173' title='bbox 515 2658 1684 2681; x_wconf 92' lang='lat'>.........</span> <span class='ocrx_word' id='word_1_174' title='bbox 1729 2640 1749 2681; x_wconf 72' lang='grc' dir='ltr'><strong>χ</strong></span> <span class='ocrx_word' id='word_1_175' title='bbox 1764 2666 1772 2682; x_wconf 84' lang='grc'><em>,</em></span> <span class='ocrx_word' id='word_1_176' title='bbox 1788 2640 1815 2683; x_wconf 71' lang='lat'>3,</span> 
     </span>
    </p>
   </div>
   <div class='ocr_carea' id='block_1_11' title="bbox 323 2756 1816 2937">
    <p class='ocr_par' dir='ltr' id='par_1_11' title="bbox 323 2756 1816 2937">
     <span class='ocr_line' id='line_1_19' title="bbox 366 2756 1816 2845; baseline -0.008 -13"><span class='ocrx_word' id='word_1_177' title='bbox 366 2766 481 2832; x_wconf 79' lang='lat' dir='ltr'>Comes</span> <span class='ocrx_word' id='word_1_178' title='bbox 495 2762 684 2830; x_wconf 84' lang='lat' dir='ltr'>Hereiordie</span> <span class='ocrx_word' id='word_1_179' title='bbox 698 2766 790 2828; x_wconf 78' lang='lat' dir='ltr'>tenet</span> <span class='ocrx_word' id='word_1_180' title='bbox 805 2762 985 2825; x_wconf 87' lang='lat' dir='ltr'>manerium</span> <span class='ocrx_word' id='word_1_181' title='bbox 1000 2760 1041 2824; x_wconf 88' lang='lat' dir='ltr'>de</span> <span class='ocrx_word' id='word_1_182' title='bbox 1056 2759 1217 2826; x_wconf 79' lang='lat' dir='ltr'>Dum-:osu</span> <span class='ocrx_word' id='word_1_183' title='bbox 1243 2759 1284 2824; x_wconf 86' lang='lat' dir='ltr'>de</span> <span class='ocrx_word' id='word_1_184' title='bbox 1307 2758 1439 2823; x_wconf 91' lang='lat' dir='ltr'>domino</span> <span class='ocrx_word' id='word_1_185' title='bbox 1462 2779 1548 2845; x_wconf 79' lang='lat' dir='ltr'>rege,</span> <span class='ocrx_word' id='word_1_186' title='bbox 1572 2760 1610 2823; x_wconf 84' lang='lat' dir='ltr'>ut</span> <span class='ocrx_word' id='word_1_187' title='bbox 1634 2756 1673 2822; x_wconf 91' lang='lat' dir='ltr'>de</span> <span class='ocrx_word' id='word_1_188' title='bbox 1699 2756 1816 2821; x_wconf 84' lang='lat' dir='ltr'>honore</span> 
     </span>
     <span class='ocr_line' id='line_1_20' title="bbox 323 2843 1816 2937; baseline -0.007 -17"><span class='ocrx_word' id='word_1_189' title='bbox 323 2854 482 2920; x_wconf 87' lang='lat' dir='ltr'>Peverelli</span> <span class='ocrx_word' id='word_1_190' title='bbox 496 2874 555 2937; x_wconf 89' lang='lat' dir='ltr'>pro</span> <span class='ocrx_word' id='word_1_191' title='bbox 570 2872 625 2917; x_wconf 90' lang='lat' dir='ltr'>un.</span> <span class='ocrx_word' id='word_1_192' title='bbox 641 2851 665 2918; x_wconf 83' lang='lat' dir='ltr'>f.</span> <span class='ocrx_word' id='word_1_193' title='bbox 1096 2886 1108 2901; x_wconf 87' lang='lat'><em>·</em></span> <span class='ocrx_word' id='word_1_194' title='bbox 1241 2886 1253 2901; x_wconf 93' lang='lat'><strong>·</strong></span> <span class='ocrx_word' id='word_1_195' title='bbox 1385 2885 1397 2900; x_wconf 93' lang='lat'><strong>·</strong></span> <span class='ocrx_word' id='word_1_196' title='bbox 1529 2885 1541 2899; x_wconf 91' lang='lat'><em>·</em></span> <span class='ocrx_word' id='word_1_197' title='bbox 1673 2882 1686 2897; x_wconf 92' lang='lat'><strong>·</strong></span> <span class='ocrx_word' id='word_1_198' title='bbox 1729 2843 1816 2909; x_wconf 76' lang='lat' dir='ltr'>xis.</span> 
     </span>
    </p>
   </div>
   <div class='ocr_carea' id='block_1_12' title="bbox 323 2982 1817 3166">
    <p class='ocr_par' dir='ltr' id='par_1_12' title="bbox 323 2982 1817 3166">
     <span class='ocr_line' id='line_1_21' title="bbox 367 2982 1816 3077; baseline -0.006 -21"><span class='ocrx_word' id='word_1_199' title='bbox 367 2992 553 3077; x_wconf 79' lang='lat' dir='ltr'>Margnrcta</span> <span class='ocrx_word' id='word_1_200' title='bbox 566 2987 609 3052; x_wconf 87' lang='lat' dir='ltr'>de</span> <span class='ocrx_word' id='word_1_201' title='bbox 623 2987 783 3053; x_wconf 77' lang='lat' dir='ltr'>cornubia</span> <span class='ocrx_word' id='word_1_202' title='bbox 797 2988 905 3051; x_wconf 78' lang='lat' dir='ltr'>tenuit</span> <span class='ocrx_word' id='word_1_203' title='bbox 918 2986 1101 3051; x_wconf 88' lang='lat' dir='ltr'>manerium</span> <span class='ocrx_word' id='word_1_204' title='bbox 1116 2984 1156 3049; x_wconf 88' lang='lat' dir='ltr'>de</span> <span class='ocrx_word' id='word_1_205' title='bbox 1165 2986 1344 3051; x_wconf 76' lang='lat' dir='ltr'>Auernonrv</span> <span class='ocrx_word' id='word_1_206' title='bbox 1360 2984 1399 3049; x_wconf 93' lang='lat' dir='ltr'>de</span> <span class='ocrx_word' id='word_1_207' title='bbox 1413 2983 1544 3049; x_wconf 93' lang='lat' dir='ltr'>domino</span> <span class='ocrx_word' id='word_1_208' title='bbox 1559 3004 1635 3071; x_wconf 83' lang='lat' dir='ltr'>rege</span> <span class='ocrx_word' id='word_1_209' title='bbox 1650 3004 1708 3068; x_wconf 89' lang='lat' dir='ltr'>pro</span> <span class='ocrx_word' id='word_1_210' title='bbox 1723 3003 1779 3047; x_wconf 92' lang='lat' dir='ltr'>un.</span> <span class='ocrx_word' id='word_1_211' title='bbox 1792 2982 1816 3048; x_wconf 85' lang='lat' dir='ltr'>i.</span> 
     </span>
     <span class='ocr_line' id='line_1_22' title="bbox 323 3070 1817 3166; baseline -0.006 -20"><span class='ocrx_word' id='word_1_212' title='bbox 323 3080 410 3166; x_wconf 93' lang='lat' dir='ltr'>quod</span> <span class='ocrx_word' id='word_1_213' title='bbox 423 3085 473 3145; x_wconf 77' lang='lat' dir='ltr'>est</span> <span class='ocrx_word' id='word_1_214' title='bbox 488 3079 524 3143; x_wconf 91' lang='lat' dir='ltr'>in</span> <span class='ocrx_word' id='word_1_215' title='bbox 538 3096 638 3142; x_wconf 88' lang='lat' dir='ltr'>manu</span> <span class='ocrx_word' id='word_1_216' title='bbox 652 3076 750 3160; x_wconf 77' lang='lat' dir='ltr'>regis,</span> <span class='ocrx_word' id='word_1_217' title='bbox 762 3076 928 3140; x_wconf 80' lang='lat' dir='ltr'>occasione</span> <span class='ocrx_word' id='word_1_218' title='bbox 943 3075 1059 3139; x_wconf 78' lang='lat' dir='ltr'>mortis</span> <span class='ocrx_word' id='word_1_219' title='bbox 1074 3072 1217 3158; x_wconf 79' lang='lat' dir='ltr'>predicis</span> <span class='ocrx_word' id='word_1_220' title='bbox 1231 3072 1416 3159; x_wconf 72' lang='lat' dir='ltr'>Margaretc</span> <span class='ocrx_word' id='word_1_221' title='bbox 1530 3111 1542 3128; x_wconf 90' lang='lat'>·</span> <span class='ocrx_word' id='word_1_222' title='bbox 1674 3111 1686 3126; x_wconf 90' lang='lat'>-</span> <span class='ocrx_word' id='word_1_223' title='bbox 1730 3070 1774 3138; x_wconf 87' lang='lat' dir='ltr'>xl.</span> <span class='ocrx_word' id='word_1_224' title='bbox 1790 3093 1817 3137; x_wconf 85' lang='lat' dir='ltr'>s.</span> 
     </span>
    </p>
   </div>
   <div class='ocr_carea' id='block_1_13' title="bbox 324 3211 1820 3392">
    <p class='ocr_par' dir='ltr' id='par_1_13' title="bbox 324 3211 1820 3392">
     <span class='ocr_line' id='line_1_23' title="bbox 367 3211 1820 3297; baseline -0.005 -14"><span class='ocrx_word' id='word_1_225' title='bbox 367 3217 535 3284; x_wconf 87' lang='lat' dir='ltr'>Johannes</span> <span class='ocrx_word' id='word_1_226' title='bbox 548 3216 622 3280; x_wconf 80' lang='lat' dir='ltr'>Fitz</span> <span class='ocrx_word' id='word_1_227' title='bbox 636 3214 779 3293; x_wconf 78' lang='lat' dir='ltr'>Wautcr,</span> <span class='ocrx_word' id='word_1_228' title='bbox 793 3214 942 3294; x_wconf 88' lang='lat' dir='ltr'>chivaler‚</span> <span class='ocrx_word' id='word_1_229' title='bbox 958 3217 1051 3277; x_wconf 83' lang='lat' dir='ltr'>tenet</span> <span class='ocrx_word' id='word_1_230' title='bbox 1074 3214 1257 3278; x_wconf 84' lang='lat' dir='ltr'>manerium</span> <span class='ocrx_word' id='word_1_231' title='bbox 1280 3211 1320 3278; x_wconf 87' lang='lat' dir='ltr'>de</span> <span class='ocrx_word' id='word_1_232' title='bbox 1344 3212 1494 3280; x_wconf 79' lang='lat' dir='ltr'>Huuusu</span> <span class='ocrx_word' id='word_1_233' title='bbox 1509 3232 1566 3297; x_wconf 88' lang='lat' dir='ltr'>per</span> <span class='ocrx_word' id='word_1_234' title='bbox 1579 3211 1755 3289; x_wconf 80' lang='lat' dir='ltr'>baroniam,</span> <span class='ocrx_word' id='word_1_235' title='bbox 1770 3214 1820 3276; x_wconf 86' lang='lat' dir='ltr'>set</span> 
     </span>
     <span class='ocr_line' id='line_1_24' title="bbox 324 3304 849 3392; baseline -0.006 -22"><span class='ocrx_word' id='word_1_236' title='bbox 324 3328 381 3392; x_wconf 89' lang='lat' dir='ltr'>per</span> <span class='ocrx_word' id='word_1_237' title='bbox 394 3306 488 3391; x_wconf 86' lang='lat' dir='ltr'>quale</span> <span class='ocrx_word' id='word_1_238' title='bbox 503 3304 673 3368; x_wconf 87' lang='lat' dir='ltr'>servicium</span> <span class='ocrx_word' id='word_1_239' title='bbox 688 3304 849 3388; x_wconf 77' lang='lat' dir='ltr'>ignorant.</span> 
     </span>
    </p>
   </div>
   <div class='ocr_carea' id='block_1_14' title="bbox 326 3433 1821 3612">
    <p class='ocr_par' dir='ltr' id='par_1_14' title="bbox 326 3433 1821 3612">
     <span class='ocr_line' id='line_1_25' title="bbox 369 3433 1821 3524; baseline -0.005 -17"><span class='ocrx_word' id='word_1_240' title='bbox 369 3444 529 3507; x_wconf 81' lang='lat' dir='ltr'>Dominus</span> <span class='ocrx_word' id='word_1_241' title='bbox 555 3440 745 3505; x_wconf 85' lang='lat' dir='ltr'>Humiridus</span> <span class='ocrx_word' id='word_1_242' title='bbox 772 3440 813 3503; x_wconf 86' lang='lat' dir='ltr'>dc</span> <span class='ocrx_word' id='word_1_243' title='bbox 840 3439 992 3505; x_wconf 74' lang='lat' dir='ltr'>WaIedeu</span> <span class='ocrx_word' id='word_1_244' title='bbox 1008 3444 1099 3504; x_wconf 78' lang='lat' dir='ltr'>tenet</span> <span class='ocrx_word' id='word_1_245' title='bbox 1114 3443 1262 3524; x_wconf 83' lang='lat' dir='ltr'>quartam</span> <span class='ocrx_word' id='word_1_246' title='bbox 1277 3433 1404 3524; x_wconf 83' lang='lat' dir='ltr'>partem</span> <span class='ocrx_word' id='word_1_247' title='bbox 1418 3440 1443 3506; x_wconf 87' lang='lat' dir='ltr'>i.</span> <span class='ocrx_word' id='word_1_248' title='bbox 1459 3441 1494 3503; x_wconf 89' lang='lat' dir='ltr'>in</span> <span class='ocrx_word' id='word_1_249' title='bbox 1509 3439 1706 3517; x_wconf 69' lang='lat' dir='ltr'>ursorum,</span> <span class='ocrx_word' id='word_1_250' title='bbox 1722 3457 1821 3521; x_wconf 87' lang='lat' dir='ltr'>quam</span> 
     </span>
     <span class='ocr_line' id='line_1_26' title="bbox 326 3527 1820 3612; baseline -0.005 -17"><span class='ocrx_word' id='word_1_251' title='bbox 326 3530 522 3595; x_wconf 81' lang='lat' dir='ltr'>Humiridns</span> <span class='ocrx_word' id='word_1_252' title='bbox 535 3529 577 3593; x_wconf 85' lang='lat' dir='ltr'>dc</span> <span class='ocrx_word' id='word_1_253' title='bbox 592 3528 760 3608; x_wconf 83' lang='lat' dir='ltr'>Waledon,</span> <span class='ocrx_word' id='word_1_254' title='bbox 775 3530 869 3611; x_wconf 81' lang='lat' dir='ltr'>pater</span> <span class='ocrx_word' id='word_1_255' title='bbox 882 3527 1020 3610; x_wconf 82' lang='lat' dir='ltr'>predicti</span> <span class='ocrx_word' id='word_1_256' title='bbox 1036 3527 1216 3604; x_wconf 85' lang='lat' dir='ltr'>Humfridi,</span> <span class='ocrx_word' id='word_1_257' title='bbox 1231 3529 1403 3612; x_wconf 83' lang='lat' dir='ltr'>aliquando</span> <span class='ocrx_word' id='word_1_258' title='bbox 1418 3529 1526 3592; x_wconf 85' lang='lat' dir='ltr'>tenuit</span> <span class='ocrx_word' id='word_1_259' title='bbox 1545 3565 1559 3580; x_wconf 87' lang='lat'><strong>·</strong></span> <span class='ocrx_word' id='word_1_260' title='bbox 1690 3566 1702 3580; x_wconf 90' lang='lat'><strong>·</strong></span> <span class='ocrx_word' id='word_1_261' title='bbox 1746 3545 1776 3589; x_wconf 86' lang='lat' dir='ltr'>x.</span> <span class='ocrx_word' id='word_1_262' title='bbox 1793 3547 1820 3588; x_wconf 84' lang='lat' dir='ltr'>s.</span> 
     </span>
    </p>
   </div>
   <div class='ocr_carea' id='block_1_15' title="bbox 327 3663 1821 3841">
    <p class='ocr_par' dir='ltr' id='par_1_15' title="bbox 327 3663 1821 3841">
     <span class='ocr_line' id='line_1_27' title="bbox 370 3663 1821 3752; baseline -0.003 -21"><span class='ocrx_word' id='word_1_263' title='bbox 370 3668 414 3731; x_wconf 79' lang='lat' dir='ltr'>Et</span> <span class='ocrx_word' id='word_1_264' title='bbox 442 3667 606 3752; x_wconf 85' lang='lat' dir='ltr'>predictus</span> <span class='ocrx_word' id='word_1_265' title='bbox 635 3665 831 3730; x_wconf 84' lang='lat' dir='ltr'>Humfridus</span> <span class='ocrx_word' id='word_1_266' title='bbox 860 3668 952 3730; x_wconf 81' lang='lat' dir='ltr'>tenet</span> <span class='ocrx_word' id='word_1_267' title='bbox 980 3667 1026 3731; x_wconf 90' lang='lat' dir='ltr'>di.</span> <span class='ocrx_word' id='word_1_268' title='bbox 1056 3667 1080 3730; x_wconf 84' lang='lat' dir='ltr'>f.</span> <span class='ocrx_word' id='word_1_269' title='bbox 1111 3667 1146 3730; x_wconf 91' lang='lat' dir='ltr'>in</span> <span class='ocrx_word' id='word_1_270' title='bbox 1184 3667 1307 3746; x_wconf 85' lang='lat' dir='ltr'>eadem,</span> <span class='ocrx_word' id='word_1_271' title='bbox 1343 3666 1429 3750; x_wconf 92' lang='lat' dir='ltr'>quod</span> <span class='ocrx_word' id='word_1_272' title='bbox 1465 3664 1630 3730; x_wconf 88' lang='lat' dir='ltr'>Johsnnes</span> <span class='ocrx_word' id='word_1_273' title='bbox 1666 3663 1821 3749; x_wconf 83' lang='lat' dir='ltr'>Engayue</span> 
     </span>
     <span class='ocr_line' id='line_1_28' title="bbox 327 3755 1821 3841; baseline -0.003 -22"><span class='ocrx_word' id='word_1_274' title='bbox 327 3756 490 3841; x_wconf 82' lang='lat' dir='ltr'>quondam</span> <span class='ocrx_word' id='word_1_275' title='bbox 505 3755 615 3819; x_wconf 79' lang='lat' dir='ltr'>tenuit</span> <span class='ocrx_word' id='word_1_276' title='bbox 658 3789 1683 3808; x_wconf 87' lang='lat'><em>........</em></span> <span class='ocrx_word' id='word_1_277' title='bbox 1726 3772 1778 3816; x_wconf 84' lang='lat' dir='ltr'>xx.</span> <span class='ocrx_word' id='word_1_278' title='bbox 1794 3773 1821 3815; x_wconf 84' lang='lat' dir='ltr'>s.</span> 
     </span>
    </p>
   </div>
   <div class='ocr_carea' id='block_1_16' title="bbox 327 3889 1822 4241">
    <p class='ocr_par' dir='ltr' id='par_1_16' title="bbox 327 3889 1822 4241">
     <span class='ocr_line' id='line_1_29' title="bbox 372 3889 1822 3970; baseline -0.002 -13"><span class='ocrx_word' id='word_1_279' title='bbox 372 3891 484 3957; x_wconf 86' lang='lat' dir='ltr'>Comes</span> <span class='ocrx_word' id='word_1_280' title='bbox 509 3890 632 3956; x_wconf 84' lang='lat' dir='ltr'>Oxonic</span> <span class='ocrx_word' id='word_1_281' title='bbox 662 3896 697 3955; x_wconf 78' lang='lat' dir='ltr'>et</span> <span class='ocrx_word' id='word_1_282' title='bbox 725 3889 902 3956; x_wconf 88' lang='lat' dir='ltr'>Nioholaus</span> <span class='ocrx_word' id='word_1_283' title='bbox 926 3889 1048 3955; x_wconf 89' lang='lat' dir='ltr'>Bumel</span> <span class='ocrx_word' id='word_1_284' title='bbox 1074 3896 1187 3956; x_wconf 76' lang='lat' dir='ltr'>inueni</span> <span class='ocrx_word' id='word_1_285' title='bbox 1216 3892 1398 3957; x_wconf 75' lang='lat' dir='ltr'>manerium</span> <span class='ocrx_word' id='word_1_286' title='bbox 1425 3893 1465 3956; x_wconf 87' lang='lat' dir='ltr'>de</span> <span class='ocrx_word' id='word_1_287' title='bbox 1496 3893 1695 3970; x_wconf 78' lang='lat' dir='ltr'>Ssuusrsnn,</span> <span class='ocrx_word' id='word_1_288' title='bbox 1719 3895 1759 3954; x_wconf 76' lang='lat' dir='ltr'>ut</span> <span class='ocrx_word' id='word_1_289' title='bbox 1781 3889 1822 3954; x_wconf 86' lang='lat' dir='ltr'>de</span> 
     </span>
     <span class='ocr_line' id='line_1_30' title="bbox 327 3977 1822 4064; baseline -0.003 -20"><span class='ocrx_word' id='word_1_290' title='bbox 327 3978 448 4044; x_wconf 87' lang='lat' dir='ltr'>honore</span> <span class='ocrx_word' id='word_1_291' title='bbox 464 3977 693 4057; x_wconf 82' lang='lat' dir='ltr'>Mounifrohet·,</span> <span class='ocrx_word' id='word_1_292' title='bbox 709 3984 758 4042; x_wconf 89' lang='lat' dir='ltr'>set</span> <span class='ocrx_word' id='word_1_293' title='bbox 773 3999 831 4064; x_wconf 85' lang='lat' dir='ltr'>per</span> <span class='ocrx_word' id='word_1_294' title='bbox 845 3979 939 4062; x_wconf 85' lang='lat' dir='ltr'>quale</span> <span class='ocrx_word' id='word_1_295' title='bbox 954 3981 1125 4043; x_wconf 89' lang='lat' dir='ltr'>servicium</span> <span class='ocrx_word' id='word_1_296' title='bbox 1139 4000 1203 4043; x_wconf 90' lang='lat' dir='ltr'>uon</span> <span class='ocrx_word' id='word_1_297' title='bbox 1220 3985 1328 4064; x_wconf 78' lang='lat' dir='ltr'>potest</span> <span class='ocrx_word' id='word_1_298' title='bbox 1341 3982 1474 4064; x_wconf 87' lang='lat' dir='ltr'>inquiri,</span> <span class='ocrx_word' id='word_1_299' title='bbox 1488 3980 1573 4064; x_wconf 93' lang='lat' dir='ltr'>quod</span> <span class='ocrx_word' id='word_1_300' title='bbox 1596 3978 1746 4042; x_wconf 91' lang='lat' dir='ltr'>dominus</span> <span class='ocrx_word' id='word_1_301' title='bbox 1767 3997 1822 4040; x_wconf 87' lang='lat' dir='ltr'>res</span> 
     </span>
     <span class='ocr_line' id='line_1_31' title="bbox 328 4063 1821 4241; baseline -0.002 -111"><span class='ocrx_word' id='word_1_302' title='bbox 328 4066 640 4241; x_wconf 52' lang='lat' dir='ltr'>qqqqqqtqqitaqnuii,</span> <span class='ocrx_word' id='word_1_303' title='bbox 664 4067 797 4130; x_wconf 87' lang='lat' dir='ltr'>nomine</span> <span class='ocrx_word' id='word_1_304' title='bbox 817 4067 932 4147; x_wconf 81' lang='lat' dir='ltr'>warde,</span> <span class='ocrx_word' id='word_1_305' title='bbox 959 4071 1191 4151; x_wconf 82' lang='lat' dir='ltr'>postmortem</span> <span class='ocrx_word' id='word_1_306' title='bbox 1221 4066 1368 4152; x_wconf 90' lang='lat' dir='ltr'>Philippi</span> <span class='ocrx_word' id='word_1_307' title='bbox 1391 4067 1512 4132; x_wconf 83' lang='lat' dir='ltr'>Bumel</span> <span class='ocrx_word' id='word_1_308' title='bbox 1536 4070 1569 4131; x_wconf 79' lang='lat' dir='ltr'>et</span> <span class='ocrx_word' id='word_1_309' title='bbox 1594 4064 1755 4131; x_wconf 88' lang='lat' dir='ltr'>Johsnuis</span> <span class='ocrx_word' id='word_1_310' title='bbox 1781 4063 1821 4127; x_wconf 86' lang='lat' dir='ltr'>de</span> 
     </span>
    </p>
   </div>
   <div class='ocr_carea' id='block_1_17' title="bbox 330 4291 1824 4466">
    <p class='ocr_par' dir='ltr' id='par_1_17' title="bbox 330 4291 1824 4466">
     <span class='ocr_line' id='line_1_32' title="bbox 372 4291 1824 4378; baseline -0.001 -23"><span class='ocrx_word' id='word_1_311' title='bbox 372 4292 516 4356; x_wconf 88' lang='lat' dir='ltr'>Heredes</span> <span class='ocrx_word' id='word_1_312' title='bbox 532 4291 658 4355; x_wconf 90' lang='lat' dir='ltr'>Warini</span> <span class='ocrx_word' id='word_1_313' title='bbox 673 4292 713 4355; x_wconf 86' lang='lat' dir='ltr'>de</span> <span class='ocrx_word' id='word_1_314' title='bbox 728 4291 956 4378; x_wconf 83' lang='lat' dir='ltr'>Bassyngburn</span> <span class='ocrx_word' id='word_1_315' title='bbox 972 4296 1085 4356; x_wconf 78' lang='lat' dir='ltr'>tenent</span> <span class='ocrx_word' id='word_1_316' title='bbox 1100 4293 1283 4357; x_wconf 84' lang='lat' dir='ltr'>vicesimam</span> <span class='ocrx_word' id='word_1_317' title='bbox 1300 4298 1424 4377; x_wconf 85' lang='lat' dir='ltr'>partem</span> <span class='ocrx_word' id='word_1_318' title='bbox 1440 4294 1463 4359; x_wconf 86' lang='lat' dir='ltr'>i.</span> <span class='ocrx_word' id='word_1_319' title='bbox 1480 4295 1515 4356; x_wconf 93' lang='lat' dir='ltr'>iu</span> <span class='ocrx_word' id='word_1_320' title='bbox 1531 4295 1715 4372; x_wconf 65' lang='lat' dir='ltr'>Timonis,</span> <span class='ocrx_word' id='word_1_321' title='bbox 1726 4309 1824 4375; x_wconf 88' lang='lat' dir='ltr'>quam</span> 
     </span>
     <span class='ocr_line' id='line_1_33' title="bbox 330 4378 1822 4466; baseline -0.001 -22"><span class='ocrx_word' id='word_1_322' title='bbox 330 4380 494 4444; x_wconf 85' lang='lat' dir='ltr'>Johannes</span> <span class='ocrx_word' id='word_1_323' title='bbox 508 4379 550 4443; x_wconf 83' lang='lat' dir='ltr'>de</span> <span class='ocrx_word' id='word_1_324' title='bbox 568 4378 786 4466; x_wconf 85' lang='lat' dir='ltr'>Bassingburu</span> <span class='ocrx_word' id='word_1_325' title='bbox 801 4379 972 4463; x_wconf 87' lang='lat' dir='ltr'>aliquando</span> <span class='ocrx_word' id='word_1_326' title='bbox 988 4381 1122 4443; x_wconf 80' lang='lat' dir='ltr'>tenuit·</span> <span class='ocrx_word' id='word_1_327' title='bbox 1255 4421 1267 4432; x_wconf 91' lang='lat'><strong>·</strong></span> <span class='ocrx_word' id='word_1_328' title='bbox 1400 4420 1411 4433; x_wconf 91' lang='lat'>-</span> <span class='ocrx_word' id='word_1_329' title='bbox 1544 4421 1556 4434; x_wconf 92' lang='lat'>-</span> <span class='ocrx_word' id='word_1_330' title='bbox 1688 4379 1779 4463; x_wconf 91' lang='lat' dir='ltr'>-ij.</span> <span class='ocrx_word' id='word_1_331' title='bbox 1796 4401 1822 4443; x_wconf 85' lang='lat' dir='ltr'>a.</span> 
     </span>
    </p>
   </div>
   <div class='ocr_carea' id='block_1_18' title="bbox 373 4516 1944 4607">
    <p class='ocr_par' dir='ltr' id='par_1_18' title="bbox 373 4516 1944 4607">
     <span class='ocr_line' id='line_1_34' title="bbox 373 4516 1944 4607; baseline 0.003 -28"><span class='ocrx_word' id='word_1_332' title='bbox 373 4516 418 4582; x_wconf 81' lang='lat' dir='ltr'>Ei</span> <span class='ocrx_word' id='word_1_333' title='bbox 440 4517 595 4602; x_wconf 86' lang='lat' dir='ltr'>quicquid</span> <span class='ocrx_word' id='word_1_334' title='bbox 616 4517 713 4581; x_wconf 84' lang='lat' dir='ltr'>abbas</span> <span class='ocrx_word' id='word_1_335' title='bbox 739 4518 779 4580; x_wconf 89' lang='lat' dir='ltr'>de</span> <span class='ocrx_word' id='word_1_336' title='bbox 801 4516 978 4595; x_wconf 78' lang='lat' dir='ltr'>waltham,</span> <span class='ocrx_word' id='word_1_337' title='bbox 1000 4519 1098 4582; x_wconf 88' lang='lat' dir='ltr'>abbas</span> <span class='ocrx_word' id='word_1_338' title='bbox 1125 4518 1237 4583; x_wconf 77' lang='lat' dir='ltr'>Sancti</span> <span class='ocrx_word' id='word_1_339' title='bbox 1258 4518 1418 4584; x_wconf 76' lang='lat' dir='ltr'>iohannis</span> <span class='ocrx_word' id='word_1_340' title='bbox 1433 4516 1658 4607; x_wconf 82' lang='lat' dir='ltr'>Colcestr[ie],</span> <span class='ocrx_word' id='word_1_341' title='bbox 1672 4519 1769 4584; x_wconf 76' lang='lat' dir='ltr'>sbbss</span> <span class='ocrx_word' id='word_1_342' title='bbox 1783 4519 1824 4583; x_wconf 93' lang='lat' dir='ltr'>de</span> <span class='ocrx_word' id='word_1_343' title='bbox 1940 4599 1944 4606; x_wconf 31' lang='grc' dir='ltr'>Ι</span> 
     </span>
    </p>
   </div>
   <div class='ocr_carea' id='block_1_19' title="bbox 330 4604 1823 4756">
    <p class='ocr_par' dir='ltr' id='par_1_19' title="bbox 330 4604 1823 4756">
     <span class='ocr_line' id='line_1_35' title="bbox 330 4604 1823 4754; baseline 0.001 -86"><span class='ocrx_word' id='word_1_344' title='bbox 330 4605 438 4754; x_wconf 70' lang='lat' dir='ltr'>&#39;sliltey</span> <span class='ocrx_word' id='word_1_345' title='bbox 453 4611 488 4707; x_wconf 77' lang='lat' dir='ltr'>et</span> <span class='ocrx_word' id='word_1_346' title='bbox 501 4606 588 4689; x_wconf 90' lang='lat' dir='ltr'>prior</span> <span class='ocrx_word' id='word_1_347' title='bbox 603 4605 713 4668; x_wconf 81' lang='lat' dir='ltr'>Sancti</span> <span class='ocrx_word' id='word_1_348' title='bbox 729 4604 861 4668; x_wconf 87' lang='lat' dir='ltr'>Walrioi</span> <span class='ocrx_word' id='word_1_349' title='bbox 877 4611 991 4669; x_wconf 77' lang='lat' dir='ltr'>tenent</span> <span class='ocrx_word' id='word_1_350' title='bbox 1005 4607 1039 4668; x_wconf 90' lang='lat' dir='ltr'>iu</span> <span class='ocrx_word' id='word_1_351' title='bbox 1057 4607 1145 4671; x_wconf 81' lang='lat' dir='ltr'>dicta</span> <span class='ocrx_word' id='word_1_352' title='bbox 1160 4607 1248 4686; x_wconf 83' lang='lat' dir='ltr'>villu,</span> <span class='ocrx_word' id='word_1_353' title='bbox 1262 4611 1391 4672; x_wconf 87' lang='lat' dir='ltr'>tenetur</span> <span class='ocrx_word' id='word_1_354' title='bbox 1406 4611 1440 4671; x_wconf 93' lang='lat' dir='ltr'>in</span> <span class='ocrx_word' id='word_1_355' title='bbox 1455 4628 1571 4692; x_wconf 85' lang='lat' dir='ltr'>puram</span> <span class='ocrx_word' id='word_1_356' title='bbox 1586 4613 1620 4672; x_wconf 85' lang='lat' dir='ltr'>et</span> <span class='ocrx_word' id='word_1_357' title='bbox 1635 4610 1823 4693; x_wconf 80' lang='lat' dir='ltr'>perpetuam</span> 
     </span>
     <span class='ocr_line' id='line_1_36' title="bbox 330 4709 555 4756; baseline 0 0"><span class='ocrx_word' id='word_1_358' title='bbox 330 4713 349 4756; x_wconf 92' lang='lat' dir='ltr'>e</span> <span class='ocrx_word' id='word_1_359' title='bbox 362 4709 555 4756; x_wconf 85' lang='lat' dir='ltr'>emosrnsm.</span> 
     </span>
    </p>
   </div>
   <div class='ocr_carea' id='block_1_20' title="bbox 330 4801 1825 4976">
    <p class='ocr_par' dir='ltr' id='par_1_20' title="bbox 330 4801 1825 4976">
     <span class='ocr_line' id='line_1_37' title="bbox 374 4801 1825 4895; baseline 0.003 -28"><span class='ocrx_word' id='word_1_360' title='bbox 374 4801 487 4868; x_wconf 82' lang='lat' dir='ltr'>Comes</span> <span class='ocrx_word' id='word_1_361' title='bbox 512 4803 700 4867; x_wconf 84' lang='lat' dir='ltr'>Hereiordie</span> <span class='ocrx_word' id='word_1_362' title='bbox 725 4808 817 4868; x_wconf 85' lang='lat' dir='ltr'>tenet</span> <span class='ocrx_word' id='word_1_363' title='bbox 842 4805 1023 4868; x_wconf 86' lang='lat' dir='ltr'>manerium</span> <span class='ocrx_word' id='word_1_364' title='bbox 1050 4807 1091 4870; x_wconf 86' lang='lat' dir='ltr'>de</span> <span class='ocrx_word' id='word_1_365' title='bbox 1117 4807 1280 4888; x_wconf 78' lang='lat' dir='ltr'>Qusunsu</span> <span class='ocrx_word' id='word_1_366' title='bbox 1304 4808 1345 4873; x_wconf 86' lang='lat' dir='ltr'>de</span> <span class='ocrx_word' id='word_1_367' title='bbox 1371 4809 1501 4874; x_wconf 91' lang='lat' dir='ltr'>domino</span> <span class='ocrx_word' id='word_1_368' title='bbox 1523 4830 1598 4895; x_wconf 83' lang='lat' dir='ltr'>rege</span> <span class='ocrx_word' id='word_1_369' title='bbox 1618 4810 1641 4877; x_wconf 92' lang='lat' dir='ltr'>i.</span> <span class='ocrx_word' id='word_1_370' title='bbox 1657 4831 1685 4876; x_wconf 87' lang='lat' dir='ltr'>o.</span> <span class='ocrx_word' id='word_1_371' title='bbox 1703 4811 1754 4873; x_wconf 81' lang='lat' dir='ltr'>sei</span> <span class='ocrx_word' id='word_1_372' title='bbox 1767 4829 1825 4892; x_wconf 88' lang='lat' dir='ltr'>per</span> 
     </span>
     <span class='ocr_line' id='line_1_38' title="bbox 330 4891 788 4976; baseline 0.007 -21"><span class='ocrx_word' id='word_1_373' title='bbox 330 4892 425 4976; x_wconf 87' lang='lat' dir='ltr'>quale</span> <span class='ocrx_word' id='word_1_374' title='bbox 440 4891 612 4955; x_wconf 88' lang='lat' dir='ltr'>servicium</span> <span class='ocrx_word' id='word_1_375' title='bbox 626 4893 788 4976; x_wconf 82' lang='lat' dir='ltr'>ignorant.</span> 
     </span>
    </p>
   </div>
   <div class='ocr_carea' id='block_1_21' title="bbox 373 5001 1825 5074">
    <p class='ocr_par' dir='ltr' id='par_1_21' title="bbox 373 5001 1825 5074">
     <span class='ocr_line' id='line_1_39' title="bbox 373 5001 1825 5074; baseline 0.005 -8"><span class='ocrx_word' id='word_1_376' title='bbox 373 5001 569 5066; x_wconf 86' lang='lat' dir='ltr'>Humfridus</span> <span class='ocrx_word' id='word_1_377' title='bbox 583 5002 625 5068; x_wconf 86' lang='lat' dir='ltr'>ds</span> <span class='ocrx_word' id='word_1_378' title='bbox 639 5003 793 5068; x_wconf 90' lang='lat' dir='ltr'>Waledon</span> <span class='ocrx_word' id='word_1_379' title='bbox 809 5007 902 5068; x_wconf 88' lang='lat' dir='ltr'>tenet</span> <span class='ocrx_word' id='word_1_380' title='bbox 917 5004 962 5070; x_wconf 88' lang='lat' dir='ltr'>di.</span> <span class='ocrx_word' id='word_1_381' title='bbox 979 5005 1002 5070; x_wconf 87' lang='lat' dir='ltr'>f.</span> <span class='ocrx_word' id='word_1_382' title='bbox 1018 5006 1054 5070; x_wconf 92' lang='lat' dir='ltr'>iu</span> <span class='ocrx_word' id='word_1_383' title='bbox 1069 5007 1287 5074; x_wconf 80' lang='lat' dir='ltr'>Rrsnnvuoos</span> <span class='ocrx_word' id='word_1_384' title='bbox 1385 5048 1397 5064; x_wconf 90' lang='lat'><em>·</em></span> <span class='ocrx_word' id='word_1_385' title='bbox 1528 5049 1542 5066; x_wconf 84' lang='lat'><strong>·</strong></span> <span class='ocrx_word' id='word_1_386' title='bbox 1673 5048 1686 5064; x_wconf 92' lang='lat'><strong>·</strong></span> <span class='ocrx_word' id='word_1_387' title='bbox 1729 5030 1781 5073; x_wconf 88' lang='lat' dir='ltr'>xx.</span> <span class='ocrx_word' id='word_1_388' title='bbox 1798 5031 1825 5073; x_wconf 89' lang='lat' dir='ltr'>s.</span> 
     </span>
    </p>
   </div>
   <div class='ocr_carea' id='block_1_22' title="bbox 332 5138 1827 5314">
    <p class='ocr_par' dir='ltr' id='par_1_22' title="bbox 332 5138 1827 5314">
     <span class='ocr_line' id='line_1_40' title="bbox 373 5138 1827 5233; baseline 0.007 -29"><span class='ocrx_word' id='word_1_389' title='bbox 373 5139 538 5204; x_wconf 88' lang='lat' dir='ltr'>Johsunes</span> <span class='ocrx_word' id='word_1_390' title='bbox 553 5138 594 5205; x_wconf 88' lang='lat' dir='ltr'>de</span> <span class='ocrx_word' id='word_1_391' title='bbox 609 5140 735 5204; x_wconf 80' lang='lat' dir='ltr'>Gnouss</span> <span class='ocrx_word' id='word_1_392' title='bbox 753 5143 878 5222; x_wconf 71' lang='lat' dir='ltr'>(rectius</span> <span class='ocrx_word' id='word_1_393' title='bbox 895 5141 1033 5224; x_wconf 87' lang='lat' dir='ltr'>Baonse)</span> <span class='ocrx_word' id='word_1_394' title='bbox 1051 5149 1142 5210; x_wconf 84' lang='lat' dir='ltr'>tenet</span> <span class='ocrx_word' id='word_1_395' title='bbox 1158 5146 1202 5212; x_wconf 93' lang='lat' dir='ltr'>di.</span> <span class='ocrx_word' id='word_1_396' title='bbox 1219 5147 1242 5214; x_wconf 83' lang='lat' dir='ltr'>f.</span> <span class='ocrx_word' id='word_1_397' title='bbox 1259 5148 1292 5210; x_wconf 91' lang='lat' dir='ltr'>in</span> <span class='ocrx_word' id='word_1_398' title='bbox 1308 5148 1496 5230; x_wconf 79' lang='lat' dir='ltr'>Assnsnorv,</span> <span class='ocrx_word' id='word_1_399' title='bbox 1513 5149 1599 5233; x_wconf 91' lang='lat' dir='ltr'>quod</span> <span class='ocrx_word' id='word_1_400' title='bbox 1614 5147 1772 5215; x_wconf 88' lang='lat' dir='ltr'>Robertns</span> <span class='ocrx_word' id='word_1_401' title='bbox 1787 5151 1827 5214; x_wconf 89' lang='lat' dir='ltr'>de</span> 
     </span>
     <span class='ocr_line' id='line_1_41' title="bbox 332 5225 1826 5314; baseline 0.007 -22"><span class='ocrx_word' id='word_1_402' title='bbox 332 5225 461 5292; x_wconf 82' lang='lat' dir='ltr'>(iscuse</span> <span class='ocrx_word' id='word_1_403' title='bbox 479 5230 604 5306; x_wconf 78' lang='lat' dir='ltr'>(rectius</span> <span class='ocrx_word' id='word_1_404' title='bbox 622 5228 759 5308; x_wconf 86' lang='lat' dir='ltr'>Bsouse)</span> <span class='ocrx_word' id='word_1_405' title='bbox 777 5228 939 5314; x_wconf 88' lang='lat' dir='ltr'>quondam</span> <span class='ocrx_word' id='word_1_406' title='bbox 953 5233 1108 5297; x_wconf 85' lang='lat' dir='ltr'>tenuit·</span> <span class='ocrx_word' id='word_1_407' title='bbox 1240 5273 1252 5288; x_wconf 91' lang='lat'>-</span> <span class='ocrx_word' id='word_1_408' title='bbox 1385 5275 1397 5288; x_wconf 91' lang='lat'>-</span> <span class='ocrx_word' id='word_1_409' title='bbox 1529 5276 1541 5290; x_wconf 90' lang='lat'><em>-</em></span> <span class='ocrx_word' id='word_1_410' title='bbox 1673 5257 1782 5303; x_wconf 77' lang='lat' dir='ltr'>-xx,</span> <span class='ocrx_word' id='word_1_411' title='bbox 1798 5261 1826 5304; x_wconf 83' lang='lat' dir='ltr'>a.</span> 
     </span>
    </p>
   </div>
   <div class='ocr_carea' id='block_1_23' title="bbox 332 5364 1828 5530">
    <p class='ocr_par' dir='ltr' id='par_1_23' title="bbox 332 5364 1828 5530">
     <span class='ocr_line' id='line_1_42' title="bbox 351 5364 1828 5519; baseline 0.005 -89"><span class='ocrx_word' id='word_1_412' title='bbox 351 5364 397 5519; x_wconf 54' lang='lat' dir='ltr'>„g</span> <span class='ocrx_word' id='word_1_413' title='bbox 398 5364 541 5430; x_wconf 82' lang='lat' dir='ltr'>ohannes</span> <span class='ocrx_word' id='word_1_414' title='bbox 554 5364 713 5448; x_wconf 87' lang='lat' dir='ltr'>Peverell,</span> <span class='ocrx_word' id='word_1_415' title='bbox 726 5365 824 5430; x_wconf 81' lang='lat' dir='ltr'>obbas</span> <span class='ocrx_word' id='word_1_416' title='bbox 838 5367 880 5432; x_wconf 95' lang='lat' dir='ltr'>de</span> <span class='ocrx_word' id='word_1_417' title='bbox 894 5368 1061 5450; x_wconf 84' lang='lat' dir='ltr'>Waiedon,</span> <span class='ocrx_word' id='word_1_418' title='bbox 1076 5375 1108 5434; x_wconf 85' lang='lat' dir='ltr'>ei</span> <span class='ocrx_word' id='word_1_419' title='bbox 1125 5372 1275 5454; x_wconf 86' lang='lat' dir='ltr'>priorissa</span> <span class='ocrx_word' id='word_1_420' title='bbox 1289 5373 1329 5436; x_wconf 89' lang='lat' dir='ltr'>de</span> <span class='ocrx_word' id='word_1_421' title='bbox 1345 5373 1550 5458; x_wconf 60' lang='lat' dir='ltr'>Campeseye</span> <span class='ocrx_word' id='word_1_422' title='bbox 1565 5378 1680 5439; x_wconf 73' lang='lat' dir='ltr'>tenent</span> <span class='ocrx_word' id='word_1_423' title='bbox 1693 5376 1741 5440; x_wconf 87' lang='lat' dir='ltr'>di.</span> <span class='ocrx_word' id='word_1_424' title='bbox 1757 5373 1780 5440; x_wconf 84' lang='lat' dir='ltr'>i.</span> <span class='ocrx_word' id='word_1_425' title='bbox 1793 5375 1828 5438; x_wconf 91' lang='lat' dir='ltr'>in</span> 
     </span>
     <span class='ocr_line' id='line_1_43' title="bbox 332 5473 1828 5530; baseline 0.007 -13"><span class='ocrx_word' id='word_1_426' title='bbox 332 5473 350 5517; x_wconf 88' lang='lat' dir='ltr'>e</span> <span class='ocrx_word' id='word_1_427' title='bbox 395 5473 446 5518; x_wconf 93' lang='lat' dir='ltr'>em</span> <span class='ocrx_word' id='word_1_428' title='bbox 515 5491 1687 5514; x_wconf 88' lang='lat'><strong>·········</strong></span> <span class='ocrx_word' id='word_1_429' title='bbox 1731 5483 1784 5530; x_wconf 83' lang='lat' dir='ltr'>xx.</span> <span class='ocrx_word' id='word_1_430' title='bbox 1800 5485 1828 5529; x_wconf 86' lang='lat' dir='ltr'>s.</span> 
     </span>
    </p>
   </div>
   <div class='ocr_carea' id='block_1_24' title="bbox 0 0 2094 6196">
    <p class='ocr_par' dir='ltr' id='par_1_24' title="bbox 0 0 2094 6196">
     <span class='ocr_line' id='line_1_44' title="bbox 0 0 2094 6196; baseline 0 0"><span class='ocrx_word' id='word_1_431' title='bbox 0 0 2094 6196; x_wconf 95' lang='lat' dir='ltr'> </span> 
     </span>
    </p>
   </div>
  </div>
 </body>
</html>
