4117 6200
290 526 354 587 124
958 518 1144 587 DORSET.

343 744 435 807 Idem
461 739 627 805 Robertus
650 741 744 802 tenet
770 736 955 801 manerium
983 736 1023 800 de
1064 736 1265 800 Kummos
1298 736 1333 800 in
1365 736 1480 801 eodem
1518 738 1700 816 hundredo,
1739 760 1799 824 per

297 832 473 898 servicium
490 834 604 895 octeve
621 828 726 915 pertis
743 849 795 891 un.
813 826 837 891 f.
849 849 890 891 m.

340 946 510 1012 Johennes
542 943 715 1015 Bedenele,
746 941 786 1005 de
818 940 1026 1021 Quareistou,
1057 941 1094 1005 in
1131 940 1245 1005 eodem
1284 939 1454 1017 comitatu,
1485 941 1680 1028 gentilmen‚
1706 948 1800 1009 tenet

296 1036 480 1190 lgppnferlilpm
505 1036 546 1099 de
582 1034 816 1114 QUsRustou
840 1032 875 1094 in
902 1030 1015 1096 eodem
1042 1029 1226 1106 hundredo,
1255 1052 1316 1117 per
1338 1031 1515 1096 servicium
1546 1039 1664 1117 quarte
1694 1033 1800 1119 pertis

340 1240 362 1307 J
364 1242 509 1306 ohannes
525 1239 652 1314 Pelion,
668 1236 708 1301 de
725 1234 904 1312 stamford,
915 1233 952 1298 in
967 1235 1127 1301 comitatu
1141 1234 1335 1313 Somersete,
1346 1236 1497 1322 armiger,
1511 1241 1603 1302 tenet
1614 1238 1798 1302 manerium

296 1330 337 1395 dc
354 1329 523 1393 Norrosu
539 1329 670 1403 Locus,
686 1325 722 1389 in
738 1325 851 1389 eodem
867 1324 1049 1402 hundred0,
1065 1346 1125 1410 per
1139 1324 1315 1390 servicium
1330 1331 1424 1391 sexte
1442 1326 1547 1413 percis
1563 1348 1617 1392 uu.
1634 1325 1657 1391 f.
1674 1349 1716 1391 m.

341 1444 511 1510 Johunnes
527 1442 644 1528 Roger,
661 1442 701 1506 de
725 1440 925 1524 Bryanstcn,
941 1440 976 1503 in
1003 1440 1152 1526 predicto
1176 1440 1336 1506 comitutu
1363 1440 1513 1520 Dorseie,
1539 1442 1691 1529 armiger,
1706 1448 1800 1509 tenet

295 1534 477 1599 manerium
494 1534 536 1597 de
551 1533 773 1605 stsvsvou,
797 1529 832 1592 in
847 1529 961 1594 eodem
977 1528 1159 1605 hundredo,
1175 1529 1262 1615 quod
1285 1551 1350 1595 non
1376 1535 1511 1597 tenetur
1536 1552 1596 1617 per
1620 1533 1796 1599 servicium

296 1623 448 1700 militare,
463 1622 600 1689 etveiei
615 1642 674 1707 per
689 1640 823 1693 annum,
839 1618 928 1683 ultre
943 1618 1086 1705 reprisas
1234 1656 1245 1667 -
1382 1656 1396 1667 -
1531 1656 1543 1669 ·
1636 1658 1649 1672 ·
1694 1622 1800 1688 xxii.

341 1738 513 1803 Predicius
529 1735 700 1811 Ricardus,
716 1733 818 1798 abhus
834 1733 875 1797 de
901 1732 1096 1811 Middelton,
1111 1738 1206 1799 tenet
1228 1734 1362 1799 diversa
1385 1741 1494 1801 terras
1509 1741 1544 1801 et
1559 1741 1750 1803 tenementis
1765 1743 1800 1803 ei

295 1834 448 1914 pasturas
463 1831 580 1892 vocatu
594 1826 795 1901 BRADELEY,
811 1822 843 1886 in
863 1822 1083 1901 Srmmmr,
1099 1823 1136 1887 in
1151 1819 1266 1889 eodem
1282 1823 1464 1903 hundredo,
1481 1847 1546 1911 que
1561 1846 1627 1891 uon
1643 1832 1799 1894 tenentur

296 1939 355 2003 per
386 1916 562 1982 servicium
589 1914 741 1989 militare,
773 1912 968 1977 amortisem
994 1913 1196 1977 monasterio
1227 1935 1288 1979 suo
1314 1914 1472 2001 predicte,
1499 1915 1585 1981 citra
1612 1917 1798 2002 predictum

295 2028 419 2072 annum
436 2006 636 2079 vicesimum,
653 2002 815 2069 etvalent
831 2023 1041 2087 perannum,
1057 2002 1306 2088 ultrereprisas
1361 2042 1374 2052 ·
1510 2042 1523 2054 ·
1660 2041 1673 2054 ·
1718 2006 1762 2071 xl.
1775 2028 1799 2072 e.

341 2135 527 2201 Willelmus
543 2132 723 2209 Siamford‚
740 2131 780 2195 dc
796 2130 919 2216 Ayssh‚
936 2130 972 2194 in
987 2130 1138 2216 predicto
1153 2131 1314 2197 comitutu
1329 2131 1478 2210 Dorsete,
1492 2133 1687 2220 gentilmem
1704 2140 1798 2202 tenet

296 2226 428 2291 diverse
454 2232 559 2289 terras
587 2228 621 2288 ei
644 2226 834 2288 tenemenm
850 2220 885 2283 in
900 2220 1018 2283 Avssu
1045 2224 1079 2284 ei
1104 2220 1328 2297 Bmuurosm
1342 2221 1377 2286 in
1393 2222 1508 2287 eodem
1534 2224 1719 2303 hundredo,
1734 2247 1799 2309 que

294 2338 360 2381 non
377 2322 533 2380 tenentur
547 2335 606 2399 per
619 2311 796 2377 servicium
812 2308 964 2386 militare,
981 2315 1015 2375 et
1032 2310 1145 2374 valent
1160 2330 1220 2396 per
1235 2332 1370 2390 suumn,
1384 2312 1477 2377 ultre
1491 2314 1632 2399 reprime
1677 2353 1690 2365 ·
1736 2336 1762 2379 c.
1772 2338 1797 2381 e.

339 2444 510 2511 Johennes
528 2442 703 2517 Bocreaux,
728 2440 769 2503 de
793 2438 906 2513 'frenc
921 2438 957 2502 in
984 2432 1146 2503 comitatu
1175 2436 1369 2515 Somerseie,
1384 2442 1535 2529 armiger,
1551 2446 1644 2506 tenet
1666 2442 1799 2507 diversa

295 2540 401 2600 terras
432 2540 465 2599 et
495 2536 685 2597 tenementis
715 2530 750 2593 in
781 2528 946 2604 Parmos,
972 2527 1007 2591 in
1038 2527 1152 2591 eodem
1183 2527 1364 2605 hundredo,
1390 2552 1453 2615 que
1470 2553 1535 2595 uon
1560 2537 1717 2597 tenentur
1737 2553 1798 2618 per

295 2624 471 2689 servicium
487 2622 640 2695 militare,
656 2627 690 2684 et
707 2618 819 2681 valent
834 2637 894 2701 per
909 2637 1044 2694 annum,
1064 2616 1309 2702 ultrureprisas
1379 2658 1392 2667 -
1530 2657 1541 2668 -
1677 2659 1691 2670 -
1736 2644 1795 2687 ce.

342 2737 507 2801 Robertus
525 2736 664 2808 Bavent,
680 2731 720 2796 de
738 2730 1027 2814 Auntyochesiom
1044 2728 1080 2792 in
1095 2729 1245 2815 predicto
1261 2730 1423 2797 comitatu
1438 2734 1587 2805 Dorsetc.
1602 2734 1796 2823 gentilman,

294 2831 387 2929 cenci
402 2824 586 2977 ωαρρήρρη
603 2824 642 2885 de
658 2821 974 2894 Anmrocnrsros‚
989 2818 1024 2881 in
1050 2818 1164 2883 eodem
1189 2819 1370 2898 hundredo,
1385 2843 1446 2908 per
1472 2824 1648 2889 servicium
1674 2824 1797 2892 decime

293 2920 400 3004 purus
415 2936 469 2979 un.
504 2965 510 2977 .
561 2963 567 2975 .

338 3029 503 3106 Johanne,
527 3026 643 3113 regina
668 3021 797 3112 Auglie‚
814 3026 907 3087 tenet
931 3022 1114 3086 manerium
1142 3023 1183 3087 de
1205 3022 1403 3102 Leuus'rou,
1419 3026 1455 3090 in
1480 3029 1595 3093 eodem
1617 3030 1798 3110 hundredo,

294 3120 383 3206 quod
414 3139 480 3182 nou
512 3120 668 3182 teneniur
699 3112 777 3196 (sic)
804 3133 862 3199 per
892 3113 1069 3178 servicium
1095 3112 1249 3190 militare,
1278 3123 1312 3178 et
1342 3115 1433 3181 valer
1462 3139 1521 3204 per
1551 3141 1685 3197 annum,
1708 3123 1798 3186 ulem

294 3234 328 3276 re
354 3211 434 3275 risus
1632 3247 1645 3260 ‚
1691 3234 1746 3276 XL
1758 3211 1796 3277 li·

330 3235 525 3390 liirlwardus
564 3321 676 3394 Sione,
708 3318 748 3382 de
787 3316 912 3381 Terent
943 3315 1172 3401 Goundevyle,
1203 3317 1239 3380 in
1277 3319 1428 3404 predicto
1458 3323 1618 3388 comitatu
1649 3324 1797 3403 Dorsete,

293 3415 485 3504 gentilnum,
502 3415 594 3477 tenet
618 3407 802 3473 manerium
818 3407 858 3471 de
875 3407 1019 3472 ΤΔΒΕΝΤ
1043 3406 1297 3482 Gouunuvvuu,
1313 3408 1347 3471 in
1373 3409 1487 3474 eodem
1514 3412 1696 3494 hundredo,
1711 3418 1799 3501 quod

293 3528 360 3570 uon
377 3506 510 3568 tenetur
521 3522 580 3586 per
596 3497 772 3563 servicium
789 3494 943 3572 militare,
956 3500 991 3560 et
1005 3495 1097 3560 velet
1108 3517 1312 3580 perannum,
1327 3497 1419 3564 ultra
1433 3501 1575 3585 reprime
1613 3525 1645 3569 x.
1660 3526 1795 3571 mames.

339 3694 424 3760 leem
441 3689 582 3756 ulterius
598 3686 714 3751 dicunt
729 3683 873 3770 predicti
884 3681 1062 3768 juratores,
1078 3683 1167 3764 quod
1178 3707 1231 3748 :-

890 3973 1198 4061 mmmmm]

337 4167 551 4237 ledewinus
578 4157 765 4238 i'hcruhill,
782 4159 822 4223 de
847 4153 1030 4230 Themhill,
1057 4153 1281 4220 incomitum
1308 4153 1455 4234 Dorsete,
1481 4158 1676 4245 gencilmen,
1701 4168 1794 4230 tenet

293 4263 426 4328 diverse
452 4262 558 4324 terras
584 4257 619 4318 ei
645 4253 836 4316 tenementa
851 4247 887 4310 in
903 4245 1125 4321 Tnonunlm,
1142 4243 1176 4307 in
1203 4243 1351 4330 predicte
1373 4246 1546 4313 hundredo
1562 4249 1603 4314 de
1619 4250 1795 4332 Bronshiil‚

292 4376 356 4442 que
372 4373 439 4417 non
455 4349 611 4413 tenentur
626 4361 685 4428 per
699 4339 876 4404 servicium
892 4333 1046 4410 militare,
1063 4338 1097 4398 et
1112 4333 1228 4398 valent
1243 4354 1451 4420 perannum,
1465 4338 1739 4518 ὠιωρνερρεῖῃ
1762 4433 1786 4498 d

338 4567 520 4636 Nicholeus
536 4563 683 4649 Kaynes,
699 4558 740 4623 de
756 4555 862 4620 Stoke
879 4552 995 4627 Weke,
1006 4551 1043 4615 in
1057 4551 1216 4616 comitutu
1232 4551 1381 4630 Demere,
1392 4557 1545 4643 armiger,
1556 4563 1650 4625 tenet
1663 4560 1795 4627 diversa

294 4667 400 4728 terras
416 4663 451 4723 et
465 4657 655 4721 tenementis
670 4649 706 4712 in
722 4646 915 4710 Oscenses
942 4641 1063 4716 Wssrc,
1079 4641 1114 4704 in
1140 4640 1254 4704 eodem
1280 4643 1461 4720 hundredo,
1477 4666 1541 4730 que
1556 4667 1624 4712 non
1638 4655 1796 4717 tenentur

292 4773 351 4840 per
366 4745 542 4813 servicium
559 4739 711 4814 milibure,
727 4741 761 4800 ct
776 4733 892 4798 vuleni
906 4752 965 4818 per
981 4750 1116 4806 annum,
1131 4729 1221 4794 ultre
1237 4731 1379 4817 reprime
1528 4771 1541 4783 ·
1675 4777 1689 4789 .
1734 4763 1760 4808 ρ,
1771 4764 1794 4806 3,

337 4877 506 4944 Johsnnes
526 4867 739 4949 Fauncleroy,
757 4863 797 4926 de
823 4859 960 4935 Mei-ssu,
976 4859 1011 4922 in
1027 4858 1188 4923 comitatu
1211 4857 1361 4936 Dorsete,
1377 4863 1528 4950 armiger,
1544 4869 1637 4932 tenet
1663 4868 1795 4936 diverse

293 4975 399 5036 cerras
414 4968 449 5028 et
472 4962 662 5025 teueruente
685 4955 721 5018 in
738 4951 880 5017 STOKKE
897 4949 1075 5024 COYLARD,
1091 4947 1127 5010 in
1143 4946 1257 5011 eodem
1276 4948 1459 5028 hundredo,
1475 4975 1539 5038 que
1554 4977 1622 5020 non
1638 4965 1794 5027 tenentur

292 5080 352 5146 per
367 5050 543 5120 servicium
559 5045 713 5120 militare,
729 5049 763 5107 ei
779 5041 893 5105 velent
908 5058 1116 5125 perannum,
1132 5036 1223 5101 ultra
1238 5039 1380 5126 repriees
1508 5081 1521 5091 ·
1567 5045 1628 5131 cvj.
1639 5067 1666 5112 e.
1682 5049 1751 5134 viij.
1762 5049 1793 5115 d.

339 5182 508 5250 l'redictus
524 5175 721 5260 Rudulphus
737 5169 844 5234 Bussh
861 5172 954 5232 renes
975 5167 1108 5231 diverse
1123 5172 1228 5230 terres
1252 5172 1287 5232 et
1307 5173 1497 5235 tenemenm
1517 5173 1553 5237 in
1567 5173 1793 5257 Bersumno,

290 5280 540 5346 Ruuussssuu,
563 5265 647 5331 etin
664 5263 810 5335 Sicoris,
826 5259 862 5322 in
878 5258 989 5322 eodem
1008 5255 1191 5333 hundredo,
1208 5277 1271 5341 que
1287 5279 1354 5322 non
1370 5263 1528 5326 tenentur
1541 5285 1601 5349 per
1615 5267 1791 5332 servicium

291 5367 446 5438 militare,
462 5363 496 5424 cb
511 5356 625 5422 valent
640 5375 699 5439 per
714 5370 848 5424 annum,
862 5347 954 5412 ultra
969 5345 1111 5432 reprisas
1247 5384 1258 5395 -
1396 5384 1411 5397 -
1546 5387 1561 5398 .
1605 5375 1639 5419 x,
1655 5376 1789 5423 mam,
