4117 6200
286 609 348 678 296
881 606 1190 681 Guoucusuuu.

279 905 479 968 rationabilis
502 905 614 968 auxilii
640 927 698 989 pro
723 906 885 969 Bleuchee
911 906 1127 990 primogenita
1152 905 1220 968 filis
1241 904 1323 969 dicli
1345 903 1472 968 domini
1489 903 1574 988 regis
1589 900 1782 980 masilunda,

279 993 400 1055 virtulo
425 994 657 1056 commissionis
682 993 763 1057 dicli
789 994 914 1057 domini
943 994 1029 1078 regis
1056 993 1180 1058 eisdem
1207 992 1432 1057 collectoribus
1457 991 1535 1054 inde
1559 989 1693 1069 disecte,
1727 1009 1785 1073 per

279 1084 515 1143 sacramentum
537 1077 688 1167 [Walteri
704 1079 827 1166 Toky],
843 1080 991 1144 Nicholai
1007 1081 1205 1165 Metlysden‚
1220 1079 1379 1144 Johuuuis
1394 1079 1591 1164 Wyuyerde,
1618 1075 1641 1141 J
1643 1076 1781 1141 chenuls

278 1166 428 1244 wethur,
448 1167 598 1249 junioris,
624 1169 747 1233 Thome
770 1167 913 1248 Wallon,
929 1168 1087 1232 Willelmi
1113 1168 1253 1246 Russess,
1268 1167 1425 1232 Johunnis
1449 1167 1540 1250 Bryd
1562 1166 1602 1229 de
1626 1163 1779 1248 Heydon,

278 1254 430 1338 Hugonis
444 1255 588 1335 chker,
603 1255 736 1320 Roberti
751 1256 948 1335 Wodcwerd,
962 1257 1121 1321 Johauuis
1146 1256 1307 1321 'Iuveruer
1332 1255 1373 1319 de
1398 1253 1619 1338 Teukesbury,
1643 1251 1779 1316 Roberli

278 1339 383 1421 Oresa,
408 1346 442 1406 el
468 1342 490 1406 J
493 1342 626 1408 ohannis
651 1344 803 1428 Mynour,
817 1344 873 1428 qui
897 1343 1012 1408 dicuni
1035 1363 1131 1428 super
1154 1345 1391 1408 sacramentum
1417 1362 1522 1420 suum,
1549 1340 1635 1424 quod
1665 1359 1777 1404 omues

277 1427 451 1514 subscripli
464 1435 580 1497 tenent
594 1431 635 1496 de
650 1431 781 1498 domiuo
795 1450 871 1516 rege
886 1433 955 1496 siue
970 1430 1078 1496 medio
1093 1433 1127 1495 iu
1142 1430 1319 1496 hundredis
1341 1430 1542 1515 subscriplis,
1556 1426 1708 1493 videlicet
1723 1450 1777 1492 :-

736 1668 971 1759 [Huuouunuu
995 1694 1038 1741 ou
1062 1669 1327 1758 DODESTON]

322 1811 588 1896 Archiepiscopus
602 1811 814 1877 Eboraceusis
829 1816 920 1877 leuel
935 1814 974 1877 de
988 1813 1120 1876 domino
1134 1833 1211 1898 rege
1227 1814 1295 1878 siue
1311 1812 1420 1876 medio
1437 1813 1472 1874 in
1489 1811 1729 1887 (luuucnuuou,
1740 1807 1781 1871 'in

280 1900 446 1965 hundredo
461 1899 501 1964 de
516 1897 693 1979 Dodestou,
708 1901 771 1965 duo
784 1902 809 1966 f.
826 1921 870 1966 m.

322 2039 415 2102 Prior
444 2038 590 2101 Ioulone
615 2037 710 2122 juxta
739 2038 975 2103 Glouceslriam
1006 2042 1098 2103 tenet
1134 2037 1173 2102 de
1210 2037 1340 2101 domino
1376 2057 1451 2122 rege
1489 2036 1558 2099 siue
1598 2033 1707 2100 medio
1745 2033 1780 2096 in

280 2128 520 2206 Bcocwocsuu,
537 2127 572 2188 iu
588 2127 704 2190 eodem
719 2125 898 2205 hundredo,
912 2126 957 2193 di.
973 2127 997 2192 f.
1015 2147 1061 2191 m.

321 2263 428 2327 Aboas
441 2264 529 2327 beati
544 2264 636 2326 Petri
651 2263 852 2328 Glouceslrie
866 2268 959 2328 tenet
974 2263 1015 2327 de
1029 2263 1161 2328 domiuo
1175 2283 1249 2348 rege
1266 2263 1335 2326 siue
1358 2260 1465 2326 medio
1486 2262 1522 2324 in
1547 2259 1661 2325 eadem
1688 2257 1781 2337 ville,

279 2357 314 2416 el
331 2353 366 2414 in
382 2353 495 2415 eodem
510 2351 688 2432 hundredo,
704 2351 749 2417 di.
765 2351 789 2417 f.
807 2372 853 2416 m.

320 2489 460 2553 Thomas
485 2489 596 2576 Brugg
621 2494 711 2555 leuel
736 2491 776 2554 de
798 2490 930 2553 domiuo
954 2509 1028 2576 rege
1054 2490 1124 2554 sine
1147 2486 1256 2554 medio
1286 2490 1319 2552 in
1350 2487 1564 2567 disscissus,
1596 2487 1632 2549 iu
1662 2485 1777 2548 eodem

279 2575 459 2657 hundredo,
474 2588 623 2660 quartam
638 2582 766 2662 perlem
780 2599 837 2642 uu.
853 2579 876 2642 f.
893 2598 938 2642 m.

320 2715 496 2780 Nicholaus
511 2715 713 2798 Mattysdon‚
726 2721 759 2780 et
774 2717 950 2799 percenarii
966 2717 1027 2796 sui,
1052 2719 1169 2779 tenent
1193 2715 1233 2778 de
1261 2715 1391 2777 domino
1416 2733 1492 2799 rege
1516 2712 1585 2777 siue
1609 2711 1716 2775 medio
1742 2709 1778 2772 in

277 2801 507 2869 Kiuousuouu
523 2824 623 2868 suum
639 2802 904 2881 Guoucusumsu,
921 2805 953 2865 iu
971 2804 1086 2866 eodem
1100 2802 1277 2883 hundredo,
1292 2801 1338 2866 di.
1355 2799 1379 2867 f.
1396 2822 1441 2866 m.

318 2942 361 3006 Et
373 2942 459 3025 quod
468 2939 631 3006 Iohannes
643 2940 742 3026 Kyug
755 2945 843 3006 leuet
855 2943 889 3006 in
904 2941 1111 3022 Ssuouucsu,
1125 2943 1161 3005 in
1177 2941 1289 3008 eodem
1303 2939 1483 3020 hundredo,
1489 2939 1608 3024 viginti
1623 2934 1777 3002 solidatas

276 3031 359 3095 terre
374 3031 416 3094 de
430 3029 562 3092 domino
578 3050 653 3116 rege
667 3031 699 3091 iu
718 3031 845 3115 soccgio
861 3031 928 3095 siue
942 3031 1051 3117 aliquo
1066 3030 1184 3098 medio.

319 3193 407 3259 Ilem
422 3195 550 3273 dicunt,
565 3194 651 3278 quod
664 3217 716 3259 z—

628 3408 864 3498 [Huuoeuuuu
886 3432 930 3477 ou
952 3406 1437 3496 WESTMONASIERIUM]

315 3548 421 3612 Abbes
451 3547 729 3613 westmonasterii
758 3554 848 3613 leuel
876 3548 916 3612 de
945 3548 1077 3614 domiuo
1106 3567 1180 3634 rege
1209 3549 1279 3614 sine
1309 3547 1417 3613 medio
1445 3546 1482 3610 in
1511 3545 1701 3623 Bouuuuou,
1734 3541 1769 3605 in

273 3636 441 3699 hundredo
456 3636 496 3699 de
512 3633 801 3701 Weslmouasterio
817 3637 862 3703 di.
878 3638 901 3700 f.
917 3658 961 3702 m.

316 3774 408 3839 idem
421 3774 519 3839 ebbes
531 3780 625 3840 leuel
639 3776 680 3839 de
694 3776 824 3840 domiuo
839 3796 915 3860 rege
931 3776 999 3840 sine
1013 3775 1121 3841 medio
1136 3776 1172 3839 iu
1187 3774 1368 3856 Yuvuuuou,
1392 3775 1428 3838 iu
1454 3772 1566 3837 eodem
1590 3768 1771 3847 hundredo,

272 3868 424 3947 quartam
437 3868 562 3947 perlem
577 3883 633 3930 uu.
650 3864 675 3931 f.
691 3885 736 3929 m.

272 4090 304 4154 ἃ.
316 4001 408 4153 Idem
423 4002 521 4067 abbas
535 4006 629 4067 tenet
643 4003 684 4067 dc
696 4002 828 4066 domino
839 4021 912 4085 rege
921 4002 992 4066 siue
1003 4002 1112 4067 medio
1121 4004 1156 4067 iu
1167 4003 1415 4081 Wucuuueuuu
1430 4000 1464 4063 iu
1474 3997 1588 4064 eodem
1599 3993 1773 4060 hundredo

295 4112 317 4153 1.
349 4110 417 4155 .m.

270 4318 303 4381 d.
314 4230 409 4379 Idem
423 4229 520 4296 abbas
535 4232 624 4294 leuel
639 4228 679 4292 de
694 4228 826 4293 domino
841 4249 917 4314 rege
934 4229 1003 4293 siue
1017 4228 1126 4294 medio
1141 4230 1175 4293 in
1191 4230 1405 4308 Hsesuuuom
1422 4227 1457 4292 in
1473 4224 1589 4290 eodem
1604 4219 1772 4287 hundredo

294 4338 315 4384 1.
348 4338 417 4383 .m.

314 4456 408 4519 Idem
434 4456 530 4519 abbas
555 4458 648 4520 leuel
673 4455 713 4520 de
739 4454 870 4520 domino
896 4477 970 4543 rege
996 4458 1068 4522 siue
1092 4457 1199 4521 medio
1223 4457 1259 4519 iu
1285 4454 1366 4534 Rus,
1393 4454 1428 4519 in
1453 4451 1568 4518 eodem
1592 4444 1772 4524 hundredo,

270 4548 419 4627 questam
435 4548 563 4627 perlem
578 4561 635 4608 un.
652 4542 675 4608 f.
693 4563 737 4608 m.

313 4682 400 4746 Item
415 4683 540 4763 dicunt,
556 4681 641 4765 quod
653 4705 707 4745 :-

849 4867 1199 4958 [successuum

310 5011 403 5075 Idem
425 5010 522 5073 abbas
544 5014 641 5073 tenet
663 5010 703 5073 de
726 5009 857 5074 domiuo
881 5030 955 5094 rege
979 5010 1050 5072 sine
1074 5009 1183 5073 medio
1209 5009 1244 5071 iu
1271 5010 1465 5086 Luuuuuou,
1492 5007 1528 5069 in
1544 5001 1713 5069 hundredo
1728 5001 1769 5065 de

266 5099 485 5183 Teukesbury,
501 5102 626 5166 sextam
641 5102 767 5181 partem
781 5117 838 5161 uu.
855 5097 878 5160 f.
894 5118 939 5162 m.

266 5324 298 5389 d·
309 5238 400 5389 Idem
414 5235 512 5300 abbas
525 5240 619 5300 leuel
633 5235 673 5299 de
688 5210 819 5300 domino
833 5256 909 5321 rege
924 5235 993 5299 siue
1007 5234 1115 5301 medio
1130 5236 1164 5301 in
1182 5235 1401 5311 Kssumoos,
1413 5234 1447 5295 iu
1460 5228 1574 5297 eodem
1588 5226 1768 5304 hundredo,

289 5345 311 5391 1.
344 5346 413 5390 .m.

306 5463 446 5527 Domine
467 5462 500 5525 lo
522 5461 702 5545 Despeucer
726 5466 818 5528 senet
841 5463 883 5529 de
905 5462 1037 5528 domiuo
1059 5482 1135 5549 rege
1158 5461 1225 5527 siue
1249 5459 1358 5527 medio
1379 5460 1414 5523 in
1437 5454 1704 5547 [Tuuhusuuuu
1722 5452 1759 5515 in

265 5551 380 5617 eodem
393 5548 571 5628 hundredo,
584 5569 641 5615 un.
657 5551 681 5617 f.
698 5571 742 5616 m.
