4117 6200
922 650 1005 717 AJ).
1031 654 1126 716 1431.

767 1003 1005 1092 [Hunnnunuu
1027 1025 1072 1071 na
1095 1000 1275 1090 FORDE.]

304 1141 499 1225 Willeimus,
529 1143 680 1208 dominus
708 1144 747 1207 de
774 1143 948 1220 Botreaux,
977 1147 1068 1206 tenet
1099 1142 1309 1205 medietatem
1341 1161 1397 1206 un.
1424 1141 1445 1204 f.
1473 1161 1517 1204 m.
1540 1138 1576 1203 iu
1605 1139 1764 1204 Rousosn

266 1230 404 1298 Maenas
420 1233 455 1294 in
470 1233 629 1295 comitatu
649 1229 889 1315 suthampton’,
909 1233 943 1293 in
958 1230 1126 1295 hundredo
1140 1230 1182 1292 de
1197 1229 1313 1294 Forde.

303 1367 466 1433 Johannes
492 1369 658 1449 Stourtou,
675 1369 715 1432 de
742 1369 908 1446 Stourton,
923 1371 958 1431 in
982 1369 1142 1432 comitatu
1157 1367 1283 1446 Wiltes,
1301 1373 1337 1432 et
1362 1367 1500 1430 Thomas
1524 1365 1625 1428 Tame
1648 1366 1762 1426 tenent

262 1456 547 1627 ffiiffiffipn'
564 1455 587 1523 f.
604 1477 649 1522 m.
665 1457 700 1520 in
717 1457 831 1520 villata
858 1457 898 1520 de
923 1456 1078 1536 Ianusue,
1093 1456 1129 1518 in
1153 1456 1320 1518 hundredo
1343 1456 1383 1518 de
1409 1455 1526 1531 Forde,
1548 1453 1583 1515 in
1607 1451 1766 1514 comitatu

303 1678 457 1744 Morieius
494 1680 615 1764 Bruyn,
653 1678 805 1759 chivaler,
841 1681 882 1744 de
920 1680 1105 1759 Roweuore,
1144 1681 1180 1742 in
1216 1678 1378 1742 comitatu
1405 1672 1647 1758 Suthamptcu',
1671 1676 1762 1737 tenet

262 1768 475 1832 medietatem
489 1789 547 1835 nn.
564 1769 588 1834 f.
606 1789 649 1834 m.
666 1769 701 1831 iu
718 1769 846 1849 Foann,
864 1769 899 1831 in
914 1768 1074 1832 comitatu
1087 1767 1244 1851 predicto.

303 1903 466 1968 Johanues
483 1904 578 1968 Helle
594 1905 634 1968 de
650 1905 802 1990 Bargate,
819 1925 945 1989 squyer,
963 1909 1056 1968 tenet
1071 1905 1108 1968 in
1128 1904 1241 1968 villata
1256 1902 1297 1966 de
1312 1902 1482 1979 Barzaura,
1495 1901 1530 1963 in
1546 1895 1713 1961 hundredo
1727 1897 1767 1960 de

266 1992 380 2072 Forde,
396 1993 607 2056 medietatem
622 2013 678 2058 un.
695 1993 719 2058 f.
736 2013 781 2058 m.

306 2127 420 2281 Cosmes
435 2130 575 2196 Devenie
591 2135 683 2195 tenet
698 2132 733 2194 in
744 2131 859 2195 villata
878 2132 920 2194 de
935 2130 1135 2211 Baouuoaa,
1148 2131 1182 2194 in
1197 2127 1362 2194 hundredo
1377 2128 1416 2193 de
1433 2124 1548 2203 Forde,
1557 2124 1766 2188 medictatem

269 2239 325 2283 un.
357 2239 426 2284 .m.

307 2347 472 2414 Johannes
499 2348 643 2434 Popham
667 2351 706 2414 de
736 2349 918 2431 Chartford,
946 2353 981 2416 in
1021 2353 1180 2433 comitatu
1210 2347 1449 2434 Suthampton’,
1487 2348 1639 2430 chivaler,
1676 2351 1769 2414 tenet

264 2443 414 2522 quartam
430 2441 557 2521 partem
573 2459 628 2506 un.
645 2439 669 2506 f.
686 2459 730 2505 m.
747 2441 783 2502 in
799 2440 1010 2509 Onsarroan.

307 2573 472 2639 Johannes
500 2581 572 2640 atta
601 2575 710 2641 Berwe
739 2578 780 2641 de
811 2578 914 2642 North
948 2577 1131 2660 Chartiord,
1163 2577 1314 2660 armiger,
1342 2578 1434 2640 tenet
1458 2579 1607 2659 quartam
1641 2579 1768 2660 partem

269 2682 324 2728 un.
341 2664 366 2729 f.
382 2683 427 2728 m.
442 2663 476 2725 in
493 2664 611 2731 Noarn
627 2665 836 2733 Cauarrcan.

309 2800 475 2866 Johauuea
504 2802 594 2886 Pcyn
618 2803 660 2866 de
688 2804 914 2882 Rokebourue,
939 2807 974 2868 iu
1001 2804 1165 2868 comitatu
1194 2800 1432 2887 Suthamptou',
1459 2800 1652 2886 gentilmen,
1678 2803 1769 2863 tenet

266 2889 477 2954 medietatem
492 2911 549 2956 un.
564 2890 589 2956 i.
606 2912 651 2956 m.
668 2893 702 2954 in
721 2892 832 2956 villata
847 2894 888 2956 de
904 2894 1119 2971 Ronsonnna,
1137 2893 1172 2954 iu
1186 2889 1354 2954 hundredo
1368 2890 1409 2952 de
1425 2890 1541 2954 Forde.

311 3026 355 3089 Et
369 3027 507 3092 ulterius
521 3028 635 3092 dieunt
645 3029 807 3113 juratores
822 3032 971 3115 predicti,
988 3029 1074 3115 quod
1089 3049 1201 3092 omnes
1217 3047 1350 3113 persone
1365 3026 1558 3112 supradicte,
1570 3026 1624 3090 die
1637 3025 1769 3090 Veneris

267 3117 411 3198 proximo
436 3122 511 3179 aute
539 3116 660 3181 festum
688 3119 801 3181 Sancti
828 3119 975 3196 Hillerii,
989 3138 1075 3181 anno
1100 3119 1192 3202 regni
1220 3116 1301 3179 dicti
1326 3115 1450 3179 domini
1473 3116 1558 3200 regis
1572 3136 1658 3179 nunc
1672 3134 1769 3194 nono,

267 3202 428 3281 videlicet,
455 3204 559 3287 primo
585 3205 639 3268 die
665 3205 774 3268 ultimi
793 3206 1014 3290 parliamenti,
1040 3204 1144 3267 scisiti
1159 3204 1289 3266 fuerunt
1312 3202 1352 3265 de
1366 3202 1463 3267 dictis
1485 3204 1646 3282 maneriis,
1663 3204 1767 3283 terris,

267 3292 464 3354 tenementis
480 3298 513 3355 et
529 3292 711 3356 redditibus
727 3294 761 3354 in
777 3293 941 3356 dominico
958 3313 1025 3372 suo,
1042 3298 1081 3356 ut
1097 3292 1137 3354 de
1151 3290 1254 3354 libero
1268 3294 1466 3357 tenemeut0.

310 3427 349 3491 In
385 3428 478 3512 cujus
512 3432 559 3493 rei
584 3430 806 3494 testimonium
831 3436 900 3494 tam
923 3430 1062 3514 predicti
1088 3429 1320 3494 comissionurii
1346 3448 1445 3511 quarn
1471 3427 1589 3512 prefati
1607 3427 1768 3511 juratores

266 3512 343 3578 huic
358 3516 562 3600 inquisicioni
579 3518 686 3602 sigilla
701 3539 758 3581 sua
772 3523 1002 3602 apposuerunt.
1048 3517 1172 3582 Datum
1187 3516 1268 3597 loco,
1284 3516 1346 3596 die,
1360 3522 1395 3579 et
1408 3535 1493 3580 anno
1508 3516 1711 3600 supradictis.

703 3852 923 3920 Hunnnannu
946 3876 989 3920 na
1011 3852 1334 3923 KRISCHIROHE.

311 3981 487 4068 Inquisicio
502 3992 596 4072 cepta
610 3990 697 4072 apud
713 3991 937 4074 Wyuchester,
951 3991 1004 4055 die
1020 3992 1175 4055 Mercurii
1189 3992 1335 4075 proximo
1350 3992 1423 4072 post
1437 3988 1559 4051 festum
1574 3989 1769 4073 Epiphanie,

267 4089 357 4221 {pra
366 4074 462 4221 regnIi’
474 4076 562 4160 regis
578 4075 712 4139 Henrici
729 4079 812 4140 sexti
827 4078 965 4156 decimo,
982 4100 1089 4142 coram
1115 4077 1263 4141 Johaune
1287 4076 1439 4177 Uredala
1455 4074 1617 4224 Willglmo
1640 4075 1767 4192 Bracae,

268 4163 408 4309 virtuddo
415 4162 599 4311 litddddrl'ddr’r
623 4160 1769 4335 pppeapppmssppolpnyfnpcregplteeppiexepghpppic'oppitpelmpphpppepp:

269 4329 422 4409 Johanni,
459 4354 495 4396 ac
532 4336 719 4399 vicecomiti
771 4337 969 4401 directarum
1015 4344 1050 4401 et
1097 4335 1176 4400 huic
1212 4337 1422 4421 inquisicioni
1457 4342 1675 4415 cousutarum,
1712 4359 1769 4421 per

269 4422 507 4482 sacramentum
529 4418 689 4485 Johannis
714 4423 860 4500 Teasont,
888 4424 1023 4488 Walteri
1054 4422 1255 4508 Champyon,
1283 4423 1443 4487 Johannis
1472 4421 1585 4499 Blalre,
1610 4421 1769 4487 Johannis

269 4502 403 4587 Squyer,
428 4504 551 4570 Tharne
575 4508 655 4589 Pak,
682 4510 803 4593 Rogeri
829 4511 967 4595 Brygth,
996 4512 1155 4576 Johannis
1180 4511 1301 4590 Taunt,
1318 4510 1453 4574 walteri
1479 4507 1607 4587 Susshe,
1633 4510 1769 4574 Henrici

268 4588 387 4669 Carter,
403 4592 536 4657 Walteri
552 4594 758 4681 Stalyngton,
782 4598 804 4662 J
806 4596 941 4663 ohannis
967 4597 1098 4683 Smyth,
1121 4605 1155 4663 et
1170 4598 1344 4663 Laurencii
1360 4597 1583 4676 Medmowere,
1600 4597 1769 4679 juratores,

270 4678 327 4760 qui
343 4679 457 4744 dicunt
471 4701 567 4765 snper
582 4691 818 4751 sacramentum
835 4706 939 4767 suum,
956 4688 1043 4771 quod
1055 4709 1107 4750 :—

310 4864 465 4929 Ricardus
479 4866 614 4953 Nevyle,
629 4890 736 4936 comes
751 4871 939 4955 Sarisburie,
952 4877 1044 4940 tenet
1058 4874 1242 4939 manerium
1258 4873 1297 4937 de
1311 4872 1545 4951 Carscuuacn,
1556 4872 1593 4937 in
1608 4873 1767 4937 comitatu

271 4950 511 5038 suthampton’,
524 4977 583 5040 per
596 4978 653 5024 un.
670 4959 693 5025 i.
710 4979 755 5026 m.

301 5056 480 5154 'comitissa
494 5092 637 5158 Devonie
651 5099 745 5160 tenet
759 5098 942 5162 manerium
957 5099 996 5161 de
1012 5098 1219 5165 Lnurncrou
1233 5115 1289 5181 per
1303 5100 1455 5179 quartum
1468 5100 1597 5180 partem
1613 5118 1669 5165 un.
1680 5097 1706 5165 i.
1718 5117 1764 5165 m.

273 5314 295 5382 S
310 5224 450 5292 Thomas
464 5228 563 5295 Tame
578 5237 671 5296 tenet
685 5237 867 5300 manerium
882 5236 921 5300 de
939 5235 1150 5315 Seruianae,
1164 5257 1222 5321 per
1236 5241 1384 5300 octavam
1409 5240 1537 5319 partem
1552 5254 1610 5301 un.
1626 5236 1650 5301 i.
1669 5256 1714 5301 m.
1730 5237 1766 5300 in

298 5335 483 5383 amsans.

312 5451 425 5518 Comes
450 5453 489 5518 de
516 5454 682 5521 Ormound
706 5464 739 5523 et
754 5458 937 5528 Willelmus
961 5460 1093 5526 Storton
1117 5464 1233 5528 tenent
1257 5460 1438 5528 manerium
1461 5458 1502 5523 de
1532 5457 1691 5537 Sorrnnn,
1708 5480 1766 5551 per

270 5545 422 5631 quartam
437 5548 564 5634 partam
579 5565 636 5613 un.
653 5544 677 5613 f.
694 5566 739 5615 m.
1565 5558 1572 5573 “
