4117 6200
316 604 337 664 4
985 603 1171 674 nosset.

300 774 401 880 [enno
428 813 521 900 iegui
548 813 634 901 regis
660 813 815 880 Edwardi
843 816 901 902 qui
927 835 1016 882 nune
1043 821 1094 882 est
1119 816 1176 902 xij.
1204 815 1308 882 freter
1331 815 1461 902 Symon
1486 816 1528 883 de
1554 817 1686 906 Aneby,
1708 824 1821 887 custos

313 903 454 969 manerii
469 903 619 990 predicti,
634 904 723 990 cepit
750 903 950 970 Nicholeum
975 905 1083 971 filium
1108 906 1267 972 Wilielmi
1295 904 1435 971 Pistoris
1459 907 1501 971 de
1519 906 1634 973 Bridie
1649 913 1684 974 et
1699 909 1820 998 ligavit

313 993 454 1097 eundem
470 993 513 1058 ed
529 995 696 1079 quendam
712 993 828 1060 kotom
843 1016 942 1082 snper
962 994 1145 1099 furnerium
1159 1017 1267 1072 suum,
1277 1000 1312 1060 et
1322 994 1450 1098 ibidem
1466 997 1609 1062 eundem
1621 997 1821 1066 Nioholeum

313 1083 1137 1259 211⁰„tettttttttssttntttttttt}
1148 1085 1473 1260 diffiditis&
1488 1090 1523 1152 ⁰*
1548 1090 1640 1172 ω’
1654 1094 1690 1154 ⁰t
1703 1094 1821 1175 ‘'m“

764 1527 963 1592 Mnunerun
985 1541 1033 1589 on
1055 1523 1375 1590 HALGHESTOK

362 1660 509 1728 Nommo
530 1662 721 1748 juratorum
748 1662 896 1749 ejusdem
919 1662 1069 1740 manerii,
1084 1683 1195 1728 eorem
1210 1661 1363 1728 Gslfrido
1379 1662 1420 1729 de
1434 1662 1661 1742 Wrockeshsl,
1677 1663 1819 1728 Ricardo

317 1751 359 1817 de
386 1752 561 1818 Meneston
585 1759 620 1819 et
644 1752 790 1819 Roberto
817 1753 858 1820 de
887 1753 1057 1831 wodeton,
1080 1751 1245 1818 militibus
1269 1751 1311 1818 de
1335 1753 1497 1818 comitatu
1523 1753 1670 1830 Dorsete,
1690 1753 1733 1818 od
1757 1752 1819 1817 hoe

316 1841 496 1927 deputetis,
512 1841 668 1909 videlieet
695 1841 878 1908 Wiilelmus
903 1842 945 1908 de
961 1842 1172 1923 Querendon,
1185 1841 1356 1907 Jobsnnes
1371 1842 1412 1907 de
1428 1841 1638 1922 Querendon,
1652 1842 1676 1907 J
1676 1843 1819 1906 ordsnus

316 1930 357 1996 de
373 1930 478 2020 Legh,
493 1931 684 1998 Alexander
699 1932 740 1999 de
756 1929 974 2008 Netherstok,
990 1931 1154 1999 Ricardus
1168 1930 1199 1996 le
1215 1930 1249 1995 N
1251 1932 1281 1997 iz
1296 1936 1331 1997 et
1345 1930 1368 1997 J
1369 1931 1515 1997 ohannes
1531 1931 1572 1998 de
1588 1931 1776 2020 Frogemor.

362 2259 413 2326 De
434 2263 517 2346 quot
539 2258 638 2338 villis,
661 2259 718 2326 bc.
765 2257 904 2337 Dicunt,
919 2258 1009 2346 quod
1025 2259 1107 2327 villo
1122 2262 1164 2326 de
1186 2259 1427 2326 Heln-ouon
1450 2262 1594 2337 tuntum,
1609 2263 1645 2326 et
1658 2259 1763 2326 obbss
1778 2259 1820 2324 ds

317 2348 483 2416 Shirburn
498 2354 592 2415 tenet
606 2371 679 2415 eom
694 2348 715 2414 i.
732 2369 757 2415 o.
775 2348 816 2414 de
831 2349 966 2415 domino
980 2371 1059 2438 rege
1074 2372 1135 2437 per
1149 2350 1326 2416 servicium
1341 2349 1573 2435 subscriptum.

361 2463 413 2528 De
443 2462 549 2529 feodis
578 2463 734 2541 militum,
756 2463 810 2531 do.
857 2464 984 2531 Dicunt
1010 2465 1099 2552 qnod
1129 2465 1233 2531 abbss
1258 2467 1300 2531 do
1327 2463 1492 2530 Sbirbum
1519 2469 1612 2530 tenet
1638 2464 1754 2531 villam
1777 2465 1819 2530 de

315 2552 556 2618 Hsronesror
580 2553 621 2618 de
648 2553 782 2619 domino
806 2575 842 2618 re
908 2554 927 2620 i.
955 2574 981 2621 o.
1007 2560 1168 2640 tanquam
1194 2556 1417 2640 pertinentem
1447 2553 1491 2619 sb
1520 2554 1691 2620 baroniam
1716 2577 1819 2622 suum.

316 2640 464 2729 Proque
488 2642 627 2709 beronis
640 2641 743 2709 faciet
767 2643 944 2710 servicium
970 2642 994 2708 f.
1020 2644 1163 2710 duorum
1189 2665 1232 2709 m.
1248 2643 1284 2708 in
1306 2643 1474 2710 excercitu
1489 2643 1616 2708 domini
1640 2645 1737 2732 regis,
1764 2666 1822 2732 per

317 2752 455 2818 corpore
470 2732 612 2799 duorum
627 2731 784 2798 militum.

531 3127 768 3195 Huunuuuun
793 3144 839 3194 nu
862 3127 1114 3207 SHIRBURN,
1138 3144 1290 3194 ur1scor1
1314 3128 1611 3195 Ssurssuernusrs

362 3268 510 3337 Nomine
521 3269 712 3356 juratorum
729 3270 875 3356 ejusdem
896 3271 1074 3350 hundredi,
1088 3292 1198 3338 coram
1214 3270 1367 3338 Gelirido
1381 3270 1423 3337 de
1438 3270 1662 3346 Wmckesbsl,
1680 3266 1823 3336 Ricardo

317 3359 360 3425 de
384 3360 559 3426 Moneston
586 3368 620 3427 et
647 3360 792 3427 Roberto
818 3361 860 3426 de
888 3360 1061 3439 wodeton,
1084 3360 1260 3438 militibus,
1285 3362 1326 3427 de
1347 3362 1508 3428 comitatu
1526 3361 1676 3437 Dorsete,
1690 3360 1733 3425 ed
1760 3360 1823 3424 hoc

316 3449 495 3553 deputetis,
504 3449 601 3554 ‘opud
616 3449 877 3553 Doroestr[ipm],
893 3450 947 3553 die
962 3449 1084 3553 biertis
1108 3451 1145 3514 in
1160 3451 1278 3537 vigilio
1292 3451 1382 3516 besti
1409 3451 1433 3515 J
1434 3451 1536 3527 ooobi,
1552 3449 1718 3553 Apostoli,
1733 3468 1823 3513 enno

318 3538 1026 3715 btttt⁸dtttdttttdttt⁰t
1042 3538 1823 3714 dtttttitttttitttnttt

319 3717 510 3795 Leuneeles,
540 3717 704 3784 Henrieus
742 3718 773 3783 le
812 3717 921 3797 Frere,
955 3717 1128 3783 Geifridus
1165 3718 1355 3803 Bernevyli,
1393 3718 1560 3782 Robertus
1596 3718 1639 3782 de
1675 3716 1824 3792 Dunton,

318 3807 486 3875 Henricus
501 3809 532 3873 le
551 3805 830 3893 Chaumberleyn,
844 3807 1016 3874 Johsnnes
1032 3806 1150 3873 Russel
1165 3811 1200 3872 et
1214 3807 1386 3873 Johunnes
1400 3805 1432 3871 le
1447 3805 1628 3892 Luvelyob

366 4209 453 4277 Item
469 4213 552 4296 quot
567 4208 646 4275 ville
672 4208 707 4273 in
732 4209 907 4275 hundredo
933 4210 1091 4297 predicto.
1138 4211 1182 4277 Et
1206 4211 1248 4277 de
1262 4211 1369 4278 feodis
1385 4210 1538 4277 militum
1583 4210 1721 4289 Dicunt,
1735 4210 1824 4297 quod

322 4326 474 4392 dominus
510 4322 767 4389 Sorisburiensis
798 4324 970 4410 episcopus
1007 4323 1111 4391 habet
1148 4324 1282 4391 villatas
1321 4326 1362 4391 de
1400 4324 1605 4404 smum,
1643 4326 1825 4402 BURYTON,

322 4440 476 4507 Worrou
501 4446 536 4507 et
560 4438 734 4507 Osuunnn
762 4438 921 4505 Eerscorr
946 4441 982 4505 in
1008 4440 1183 4520 dominico,
1205 4446 1240 4507 et
1264 4464 1319 4507 eos
1341 4445 1435 4507 tenet
1449 4442 1491 4507 de
1506 4441 1639 4506 domino
1662 4462 1739 4529 rege
1761 4440 1782 4507 i.
1797 4461 1824 4506 c.

322 4561 357 4621 et
370 4556 540 4642 pertinent
555 4554 598 4619 ad
613 4554 784 4619 baroniam
803 4574 905 4631 suum,
916 4575 976 4640 pro
992 4576 1060 4641 qus
1073 4556 1212 4621 beronis
1225 4555 1359 4641 integre
1369 4554 1472 4621 fsoiet
1486 4555 1662 4621 servicium
1677 4555 1825 4641 quinque

321 4670 467 4737 militum
482 4670 518 4733 in
534 4668 702 4735 excercitu
717 4668 843 4733 domini
869 4669 956 4755 regis
980 4690 1042 4755 per
1066 4670 1127 4737 xlss.
1143 4669 1215 4735 dies
1229 4669 1419 4756 sumptibus
1445 4670 1523 4736 suis
1569 4670 1614 4736 Et
1632 4670 1734 4736 habet
1748 4676 1824 4737 octo

322 4783 419 4851 feodo
433 4783 578 4848 militum
594 4784 630 4848 in
646 4782 735 4849 dicto
751 4782 934 4863 hundredo,
950 4784 1039 4850 unde
1049 4808 1103 4849 :—

366 4940 390 5005 ,J
391 4938 535 5006 ecelinus
551 4939 591 5003 de
608 4937 820 5022 Launoel[es]
832 4944 925 5003 tenet
935 4939 977 5004 de
992 4940 1107 5004 eodem
1119 4940 1271 5027 episcopo
1285 4939 1321 5004 in
1332 4939 1480 5005 Antron
1492 4939 1580 5006 uni.
1591 4940 1632 5005 de
1644 4961 1710 5026 quo
1725 4940 1824 5006 feodo

323 5028 489 5095 Heorious
504 5028 534 5093 le
551 5028 649 5093 Frere
665 5033 758 5094 tenet
773 5028 984 5093 medietatem
1000 5028 1149 5114 ejusdem
1163 5029 1199 5095 in
1215 5031 1330 5095 eadem
1345 5030 1387 5095 de
1402 5030 1492 5095 dicto
1504 5029 1528 5093 J
1529 5029 1663 5095 ooelino.

367 5144 414 5210 Et
430 5141 596 5207 Henrieus
611 5142 652 5206 de
670 5141 777 5228 Percy
792 5146 885 5207 tenet
909 5142 950 5209 de
975 5144 1090 5209 eodem
1117 5144 1270 5232 episcopo
1295 5145 1331 5208 in
1356 5143 1454 5208 Fon(
1477 5148 1512 5209 et
1533 5142 1703 5210 uremur
1728 5163 1782 5209 un.
1799 5144 1822 5209 f.

320 5230 649 5389 dnosniido.J⁰hme⁵
674 5232 716 5297 de
740 5232 846 5319 Peroy
861 5239 954 5299 tenet
980 5234 1194 5302 medictatem
1218 5234 1366 5320 ejusdem
1390 5234 1426 5299 in
1453 5233 1622 5299 Umresr
1643 5234 1685 5299 ds
1708 5234 1822 5300 eodem

364 5436 409 5503 Et
424 5435 560 5503 heredes
576 5435 713 5501 Alvredi
729 5436 770 5502 de
786 5436 819 5503 N
822 5437 907 5505 iohol
924 5442 1042 5506 tenent
1057 5440 1098 5505 de
1114 5439 1228 5506 eodem
1244 5439 1397 5527 episcopo
1413 5440 1449 5505 in
1465 5437 1658 5505 Peterem>
1673 5459 1728 5505 nn.
1746 5438 1767 5506 f.
1824 5388 1835 5409 ο
