4117 6200
310 556 354 621 (ο
962 544 1149 642 nassau.

354 766 498 833 Ecclesia
514 766 555 831 de
571 764 826 833 Offlunassouu
842 765 885 831 ab
900 766 1039 853 antiquo
1054 771 1192 833 taxatur
1205 767 1249 834 ad
1264 768 1309 856 vj.
1326 790 1452 835 marcas
1466 776 1501 837 ei
1515 770 1560 837 di.

1395 858 1589 926 Subsidium
1604 859 1649 947 vJ'.
1658 883 1682 927 s.
1698 859 1768 948 viij.
1778 856 1811 925 d.

356 981 501 1049 Ecclesia
516 982 557 1047 de
573 980 753 1048 Nswmou
767 982 964 1069 abantiquo
980 986 1120 1049 taxatur
1134 984 1178 1049 ad
1193 984 1251 1071 xiJ'.
1267 1006 1394 1052 mamas
1439 1022 1455 1035 ·
1499 985 1694 1052 Subsidium
1708 987 1777 1073 xvj.
1787 1008 1812 1051 a.

355 1110 500 1177 Ecclesia
515 1111 555 1176 de
572 1111 777 1177 Suusumou
792 1111 834 1175 ab
850 1111 989 1195 antiquo
1005 1116 1143 1177 exitur
1157 1111 1200 1177 ad
1216 1133 1241 1179 c.
1253 1133 1278 1178 s.
1332 1150 1345 1162 -
1393 1113 1588 1179 Subsidium
1603 1113 1647 1199 vJ‘.
1657 1135 1681 1179 s.
1698 1112 1766 1198 viij.
1777 1111 1809 1179 d.

354 1238 503 1305 Ecclesia
518 1239 558 1305 de
575 1238 788 1304 Pomasmu
805 1238 848 1305 ab
864 1238 1003 1323 antiquo
1019 1242 1158 1303 iaxabur
1172 1239 1215 1304 ab
1230 1239 1287 1326 xij.
1299 1238 1336 1305 li.
1394 1277 1408 1290 ·
1454 1240 1651 1306 Subsidium
1667 1240 1773 1327 xxiiij.
1786 1260 1810 1304 s.

355 1368 488 1435 Vicaria
503 1368 539 1431 iu
556 1369 671 1436 eadem
686 1368 885 1454 abantiquo
900 1372 1039 1433 taxatur
1054 1368 1098 1433 ad
1112 1390 1138 1434 a
1150 1390 1174 1434 s.
1230 1404 1245 1417 ·
1335 1407 1347 1418 -
1394 1368 1589 1435 Subsidium
1603 1369 1649 1456 vj.
1658 1391 1682 1435 s.
1699 1368 1767 1455 viij.
1779 1369 1811 1435 d.

1307 1458 1450 1544 [erased]
1466 1481 1497 1525 x.
1507 1482 1531 1524 a.
1549 1458 1701 1545 [writlea
1714 1460 1813 1544 over}

352 1584 498 1651 Ecclesia
512 1585 554 1650 de
569 1584 683 1650 Fusus
697 1584 742 1649 ab
756 1584 895 1669 antiquo
910 1587 1051 1649 taxatur
1065 1583 1108 1647 ad
1124 1582 1168 1669 vj.
1185 1604 1313 1650 mareas
1335 1620 1350 1632 ·
1397 1584 1590 1651 Subsidium
1606 1586 1650 1672 vj.
1660 1608 1684 1652 a.
1700 1586 1770 1672 viij.
1779 1586 1812 1651 d.

353 1712 468 1778 Porcio
482 1712 602 1798 prioris
618 1711 658 1777 de
674 1711 785 1778 Holus
800 1712 836 1775 in
861 1710 997 1776 eeclesia
1023 1711 1065 1775 de
1091 1710 1283 1775 Lsaamou
1299 1710 1370 1797 xiij.
1381 1733 1405 1777 a.
1420 1713 1478 1798 iiij.
1489 1712 1521 1779 d.
1542 1712 1672 1797 [Nichil
1697 1711 1809 1779 added

310 1801 385 1870 aad
400 1801 529 1886 erased]
687 1835 1444 1851 ······
1490 1802 1684 1867 Subsidium
1699 1802 1766 1889 xvj.
1778 1800 1813 1868 d.

355 1928 502 1993 Ecclesia
516 1927 558 1993 de
573 1928 835 1994 MBUDESBURY
851 1927 895 1993 ab
910 1926 1050 2013 antiquo
1065 1931 1204 1992 laxatur
1218 1926 1262 1990 ad
1277 1926 1335 2012 xij.
1348 1926 1385 1993 li.
1402 1959 1418 1975 ·
1462 1928 1655 1994 Subsidium
1670 1929 1777 2015 xxiiij.
1789 1952 1815 1996 s.

352 2054 485 2121 Vicam'a
499 2054 537 2118 in
551 2053 667 2120 eadem
682 2053 726 2119 ab
740 2053 880 2141 anbiquo
895 2059 1035 2120 laxatur
1049 2053 1093 2117 ad
1108 2075 1140 2118 x.
1157 2074 1285 2119 marcas
1316 2091 1333 2104 -
1377 2054 1572 2120 Subsidium
1586 2056 1659 2142 xiij.
1671 2078 1694 2121 s.
1710 2056 1770 2142 iiij.
1783 2056 1815 2123 d.

355 2183 473 2249 Pensio
488 2181 620 2247 abbatis
635 2182 671 2246 iu
686 2180 810 2247 vicaria
825 2181 859 2266 ij.
871 2203 895 2247 s.
912 2180 1043 2265 [Nichil
1059 2179 1172 2247 added
1187 2179 1263 2245 aad
1280 2178 1412 2265 erased]
1458 2268 1590 2337 Sbs'd'
1669 2272 1737 2338 ”d
1781 2274 1803 2339 b

1485 2292 1506 2335 u
1546 2294 1700 2359 11um1J.
1737 2294 1813 2339 .ο.

354 2404 499 2471 Ecclesia
525 2402 566 2469 de
593 2400 715 2466 Imaus
738 2399 885 2465 Baium
910 2419 984 2463 cum
1010 2396 1138 2483 capella
1164 2395 1205 2461 de
1232 2397 1360 2462 Bluunc
1382 2396 1425 2462 ab
1448 2398 1588 2485 antiquo
1609 2405 1746 2467 taxatur
1772 2400 1815 2466 ad

310 2514 514 2561 summamus
708 2527 722 2539 ·
902 2522 916 2535 -
1097 2522 1111 2534 -
1292 2522 1306 2533 ·
1353 2484 1543 2553 Subsidium
1559 2489 1653 2575 xxvj.
1663 2512 1686 2557 s.
1703 2489 1773 2576 viij.
1782 2488 1814 2556 d.

356 2622 474 2688 Pensio
489 2619 620 2686 abbatis
635 2616 676 2683 de
693 2615 800 2683 Cema
815 2616 851 2679 in
867 2616 982 2681 eadem
997 2614 1042 2700 vj.
1059 2634 1186 2680 marcas
1202 2612 1329 2699 [Nichil
1344 2613 1457 2680 added
1472 2616 1546 2682 aad
1561 2618 1691 2703 amca]

1497 2704 1693 2773 Subsidium
1708 2710 1777 2797 viij.
1788 2732 1812 2777 s.

292 2819 296 2825 ’
357 2823 507 2891 Ecclesia
521 2823 562 2888 de
578 2821 802 2888 Lunensem
816 2819 860 2885 ab
875 2818 1014 2905 antiquo
1029 2822 1168 2884 laxatur
1182 2818 1226 2883 ad
1241 2840 1296 2883 xv.
1312 2840 1439 2886 marcas
1455 2860 1467 2873 ·
1515 2820 1709 2890 Subsidium
1722 2846 1779 2890 xic
1789 2846 1815 2890 s.

356 2938 501 3006 Ecclesia
516 2938 557 3004 de
573 2937 808 3001 Pouicaocm
823 2933 1022 3019 abantiquo
1037 2918 1176 3000 iaxatm'
1189 2933 1234 2999 ad
1250 2932 1294 3020 vj.
1311 2955 1438 3002 mareas
1452 2940 1487 3001 et
1502 2936 1546 3003 di.

1395 3025 1587 3092 Subsidium
1605 3027 1646 3115 vj.
1657 3050 1681 3096 s.
1696 3030 1767 3117 viij.
1778 3029 1813 3096 d.

358 3143 507 3210 Ecclesia
521 3143 562 3208 de
579 3141 679 3208 Sma
695 3137 773 3224 (sic)
788 3139 831 3205 ab
846 3138 986 3225 antiquo
1001 3143 1140 3204 laxatur
1153 3138 1196 3202 ad
1212 3158 1238 3204 a
1248 3159 1272 3203 a.
1334 3177 1347 3190 -
1394 3139 1587 3207 Subsidium
1603 3144 1647 3230 vj.
1658 3166 1683 3211 a.
1698 3146 1768 3233 viij.
1781 3146 1811 3212 d.

356 3258 502 3326 Ecclesia
517 3257 557 3322 de
575 3257 816 3320 Baxuuusuos
832 3253 875 3319 ab
890 3255 1031 3342 antiquo
1047 3258 1185 3320 taxatur
1199 3254 1242 3319 ad
1257 3275 1283 3319 a
1293 3276 1317 3319 a.
1338 3295 1351 3306 -
1398 3256 1590 3322 Subsidium
1605 3258 1648 3344 vJ'.
1661 3281 1684 3324 s.
1701 3260 1770 3348 viij.
1780 3261 1813 3330 (1.

357 3373 476 3439 Pensio
490 3371 623 3438 abbatis
638 3368 680 3435 de
694 3368 965 3455 Abbudesburye
980 3369 1016 3433 in
1033 3369 1148 3436 eadem
1164 3391 1196 3433 m
1206 3391 1230 3434 a.
1247 3368 1380 3454 [Nichil
1394 3369 1508 3438 added
1522 3372 1599 3438 aad
1612 3374 1744 3460 erased]

1506 3463 1696 3530 Subsidium
1712 3465 1812 3552 xiid

301 3633 304 3640 .
357 3576 504 3644 Ecclesia
518 3576 559 3642 de
576 3576 772 3640 Baansuou
787 3571 985 3658 abantiquo
1000 3571 1196 3657 iaxabmad
1212 3593 1267 3638 xv.
1285 3595 1411 3641 mareas
1457 3613 1471 3626 -
1516 3575 1709 3643 Subsidium
1724 3601 1779 3647 xx.
1790 3603 1815 3649 s.

358 3699 503 3767 Ecclesia
517 3699 558 3764 de
575 3697 853 3762 ssxamswoma
869 3695 1067 3780 abantiquo
1082 3697 1222 3760 taxabm
1236 3695 1279 3760 ad
1294 3716 1319 3761 a
1329 3717 1353 3761 s.
1397 3695 1592 3764 Subsidium
1607 3700 1650 3786 vj.
1660 3723 1684 3767 a.
1702 3703 1770 3790 viij.
1783 3706 1812 3768 d.

303 3839 305 3844 ·
357 3815 503 3883 Ecclesia
517 3815 559 3880 de
575 3813 692 3877 Tousa
707 3812 751 3877 ab
765 3811 905 3896 antiquo
920 3815 1060 3876 taxatur
1074 3810 1116 3874 ad
1134 3808 1319 3876 immamus
1335 3849 1349 3862 ·
1397 3810 1590 3879 Subsidium
1606 3816 1649 3901 vj.
1659 3838 1684 3882 s.
1699 3818 1768 3905 viij.
1779 3819 1812 3884 d.

358 3929 504 3998 Ecclesia
518 3929 559 3994 de
575 3928 747 3996 OUMPPON
763 3926 916 3991 ABBATIS
932 3924 975 3990 ab
990 3924 1130 4009 antiquo
1146 3927 1284 3988 taxatur
1297 3925 1341 3989 ad
1356 3925 1399 4010 vj.
1415 3949 1542 3993 mareas
1557 3933 1592 3993 ei
1606 3929 1649 3995 di.

1393 4015 1587 4083 Subsidium
1602 4018 1649 4104 vj.
1660 4042 1686 4086 s.
1704 4021 1770 4107 viij.
1781 4021 1813 4088 d.

359 4136 478 4202 Pensio
493 4133 624 4200 abbatis
640 4132 710 4218 [de]
726 4130 889 4196 Midelbou
904 4129 940 4193 in
955 4129 1070 4193 eadem
1084 4126 1153 4211 ijs.
1170 4126 1297 4212 [Nichil
1312 4127 1426 4194 added
1439 4130 1514 4196 med
1527 4131 1657 4219 aased]

1468 4221 1661 4288 Subsidium
1676 4223 1711 4310 ij.
1723 4223 1754 4289 d
1765 4225 1815 4292 ob.

304 4361 308 4371 ⁴
357 4340 475 4407 Pensio
505 4337 626 4427 prioris
663 4335 704 4401 de
742 4333 854 4400 Holnc
895 4333 932 4397 in
966 4329 1103 4399 ecclesia
1138 4331 1180 4398 de
1217 4330 1378 4398 sonares
1408 4332 1478 4420 xiij.
1498 4356 1522 4400 a.
1553 4335 1612 4423 iiij.
1625 4335 1657 4401 d
1686 4337 1812 4423 [Nichil

311 4430 424 4500 added
438 4431 514 4497 aad
528 4426 657 4512 erased]
726 4462 738 4475 -
874 4459 888 4472 ·
1022 4460 1037 4474 ·
1321 4457 1335 4472 ·
1427 4461 1441 4474 ·
1486 4422 1683 4492 Subsidium
1698 4427 1768 4515 xvj.
1779 4427 1814 4498 (1.

857 4713 1003 4778 Bassus
1024 4726 1072 4774 ma
1094 4709 1274 4775 Bamaom

312 4862 458 4930 Ecclesia
467 4857 665 4948 parochialis
676 4855 716 4918 de
733 4855 934 4917 BamPORTa
947 4849 1038 4914 inira
1047 4847 1217 4980 burgum]

357 4951 550 5042 predictum,
577 4968 642 5033 que
671 4945 715 5009 ab
745 4941 883 5027 antiquo
914 4943 1054 5004 taxatur
1082 4937 1126 5002 ad
1158 4961 1190 5002 x.

356 5061 493 5115 mareas,
509 5036 607 5102 modo
634 5034 674 5099 de
699 5055 786 5098 novo
808 5035 946 5096 taxatur
969 5049 1028 5115 per
1052 5027 1190 5115 inquisi·
1237 5069 1432 5138 Subsidium

356 5131 483 5198 cionem
507 5147 617 5193 coram
642 5121 782 5211 prefatis
804 5118 1034 5186 collectoribus
1058 5122 1189 5203 captam

355 5227 390 5288 ei
426 5239 526 5306 penes
567 5215 627 5280 has
663 5211 846 5300 particulas
883 5211 1109 5274 remanentem
1146 5207 1189 5272 ad

356 5309 494 5378 eandem
509 5326 672 5371 summam
806 5335 821 5350 ·
922 5335 935 5350 -
1072 5333 1085 5346 -
1176 5332 1189 5346 -

1448 5073 1553 5160 zaja.
1568 5076 1627 5163 iiij.
1638 5081 1669 5146 a.
