4117 6200
911 657 994 724 A.D.
1021 659 1116 724 1431.

309 951 466 1015 Rietirdus
481 949 521 1014 de
535 947 568 1013 la
582 950 672 1014 Mare
687 953 780 1014 tenet
795 948 840 1014 di.
858 949 880 1014 l.
897 968 942 1013 m.
958 949 993 1011 in
1012 947 1166 1014 Hoororr.

267 1087 491 1244 Bwillelmus
520 1087 640 1172 Poleyn
677 1093 711 1151 et
752 1085 892 1150 Thomas
933 1085 1063 1150 Barowe
1098 1088 1215 1149 tenent
1250 1089 1401 1168 quartam
1437 1088 1566 1165 partem
1592 1100 1650 1145 nn.
1678 1082 1702 1146 f.
1733 1082 1768 1146 in

297 1197 502 1244 onxraosxor.

310 1312 469 1377 Ricardus
483 1312 523 1376 da
538 1309 570 1376 la
586 1311 680 1390 Bere,
693 1311 801 1388 miles,
815 1313 908 1374 tenet
923 1309 968 1375 tli.
985 1309 1008 1374 f.
1025 1329 1070 1374 m.
1086 1309 1122 1371 in
1137 1309 1264 1374 Draos.

312 1448 495 1513 willelmus
517 1446 637 1536 [Luoy]
660 1452 750 1512 tenet
765 1448 810 1513 di.
828 1447 851 1513 l.
868 1466 912 1510 m.
928 1448 963 1510 in
980 1447 1191 1512 erronsuou.

311 1585 494 1651 Willelmus
509 1605 550 1669 ap
565 1584 715 1664 Thomas,
733 1585 839 1663 miles,
853 1587 946 1649 tenet
961 1603 1016 1648 un.
1033 1571 1056 1648 f.
1073 1605 1117 1649 m.
1134 1583 1168 1647 in
1184 1565 1429 1648 Baaowaansu.

309 1722 473 1788 Johannes
488 1722 649 1808 Slrydmoi
670 1721 775 1810 [tenet
789 1719 951 1808 quartam]
974 1725 1099 1804 partem
1115 1738 1170 1784 un.
1189 1720 1211 1784 l.
1228 1741 1272 1784 m.
1289 1721 1324 1783 in
1340 1719 1587 1785 Tnoaonnsrorr.

310 1855 450 1924 Thomas
465 1859 505 1924 de
520 1859 552 1923 la
567 1861 654 1944 Hay,
670 1836 785 1939 sanior,
800 1862 894 1922 tenet
908 1858 1059 1941 quintam
1075 1862 1202 1942 partem
1218 1877 1274 1921 un.
1291 1855 1313 1919 f.
1329 1877 1374 1921 m.
1389 1857 1425 1919 in
1445 1857 1631 1923 Aaxssxou.

312 1997 443 2061 Juliana
459 1997 499 2060 de
515 1996 663 2065 Grilretot
678 2000 769 2061 tenet
784 2001 932 2060 octavam
948 2001 1074 2079 partem
1089 2014 1145 2059 un.
1161 1994 1185 2060 f.
1201 2016 1246 2059 m.
1263 1997 1298 2057 in
1313 1995 1471 2062 Wasuorr.

312 2134 469 2219 Georgius
489 2133 649 2219 Skydmor
666 2135 756 2196 tenet
771 2139 918 2216 quartam
933 2137 1060 2217 partem
1074 2151 1130 2196 un.
1147 2131 1171 2197 f.
1187 2152 1232 2196 m.
1249 2131 1378 2197 Honor
1394 2130 1491 2198 Laus.

312 2269 476 2334 Johannes
494 2270 658 2355 Skydmor
673 2274 765 2334 tenet
780 2273 926 2334 octavam
941 2274 1067 2354 partem
1083 2289 1138 2332 un.
1154 2268 1178 2333 f.
1195 2289 1240 2334 m.
1256 2269 1290 2331 in
1306 2270 1517 2335 Krrrasarorr.

312 2408 356 2470 Et
371 2408 512 2472 ulterius
528 2407 641 2472 dieunt
657 2407 743 2490 quod
757 2427 822 2473 non
837 2413 915 2471 sunt
929 2406 1021 2490 plura
1036 2406 1130 2470 feoda
1146 2405 1292 2469 militum
1307 2407 1341 2469 in
1360 2404 1542 2492 [hundredo
1556 2403 1611 2491 de]
1623 2405 1764 2471 Webtre.

730 2644 967 2734 [Horononuu
996 2643 1056 2732 oa]
1087 2644 1308 2714 GREYTRE.

314 2783 488 2862 lohannes,
505 2783 658 2848 dominus
672 2784 713 2848 da
727 2783 855 2862 Talbot,
872 2784 977 2864 miles,
993 2787 1084 2848 tenet
1099 2802 1156 2848 un.
1173 2784 1196 2848 f.
1213 2804 1257 2848 m.
1275 2784 1309 2845 in
1325 2783 1555 2849 Eoonrswauu.

314 2919 489 3000 lohannes,
504 2940 610 2986 comm
625 2921 890 3006 Huntyngtonia‚
906 2926 1000 2985 tenet
1014 2941 1071 2986 un.
1087 2921 1112 2986 f.
1128 2942 1173 2986 m.
1188 2921 1224 2984 in
1239 2921 1389 2987 Masona.

313 3055 479 3123 Johannes
494 3055 681 3137 Oomewall,
695 3057 799 3138 miles,
815 3062 906 3125 tanet
922 3057 986 3122 duo
1001 3057 1024 3124 f.
1041 3078 1086 3123 m.
1103 3057 1138 3121 in
1157 3057 1373 3125 Fouusuorra.

270 3195 472 3349 TRobertus
502 3194 654 3275 Ohalons,
679 3196 784 3275 miles,
812 3201 845 3262 et
872 3194 1027 3259 Rioardus
1052 3218 1093 3280 ap
1119 3196 1236 3282 Harry,
1252 3201 1367 3261 tenent
1393 3198 1438 3263 di.
1463 3198 1486 3263 f.
1513 3212 1557 3261 m.
1574 3198 1608 3259 in
1623 3198 1717 3262 Esou
1734 3202 1765 3259 et

297 3304 432 3352 ausona.

311 3421 497 3486 Manerinm
521 3422 560 3485 de
584 3421 789 3501 Loaauroar,
806 3421 891 3505 quod
917 3420 1058 3485 Thomas
1083 3421 1193 3501 Barre,
1218 3422 1323 3502 miles,
1348 3421 1542 3509 [quondam]
1574 3423 1683 3487 tenuit
1706 3441 1763 3506 per

277 3506 480 3595 [servioium]
502 3514 618 3592 quarte
644 3509 748 3593 partis
772 3529 829 3574 un.
854 3509 878 3573 f.
894 3529 939 3575 m.
955 3509 996 3571 ad
1019 3528 1153 3572 manum
1177 3511 1263 3592 regis
1287 3510 1430 3588 devenit,
1445 3515 1480 3573 et
1503 3512 1537 3575 in
1560 3531 1660 3573 manu
1682 3511 1767 3595 regis

271 3592 384 3659 existit
398 3596 524 3660 ratione
539 3597 673 3660 minoris
688 3597 786 3660 etatis
802 3596 822 3660 J
824 3595 959 3661 ohannis
974 3596 1035 3659 filii
1051 3600 1085 3661 et
1099 3595 1228 3661 heredis
1242 3598 1344 3681 ipsius
1355 3597 1491 3661 -Thome

313 3730 473 3796 Johannes
490 3731 612 3817 Comyn
629 3737 720 3797 tenet
736 3736 885 3817 quartam
901 3738 1028 3818 partem
1044 3752 1099 3797 un.
1114 3735 1137 3798 f.
1153 3754 1197 3797 m.
1213 3736 1248 3797 in
1264 3734 1406 3800 Puanax.

314 3868 422 3933 Guido
437 3869 479 3933 de
496 3868 714 3956 Whityngton
731 3875 824 3935 tenet
839 3870 884 3935 di.
901 3871 924 3935 f.
941 3891 985 3935 m.
1002 3871 1039 3934 in
1054 3870 1151 3937 Hora
1172 3871 1308 3939 Sonans.

316 4004 473 4069 Rioardus
487 4003 641 4085 Fulohm,
655 4008 849 4090 capellanus,
866 4012 955 4071 tenet
969 4011 1117 4090 quartam
1133 4012 1258 4090 partem
1272 4027 1328 4072 nn.
1339 4007 1362 4072 f.
1376 4026 1420 4072 m.
1437 4007 1472 4069 in
1489 4006 1744 4073 Cannasaaowrr.

314 4140 471 4205 Ricardus
486 4142 622 4207 Avenell
640 4146 734 4207 tenet
748 4145 899 4227 quintam
914 4148 1042 4228 partem
1058 4162 1114 4209 un.
1131 4143 1154 4207 f.
1172 4164 1216 4207 m.
1232 4145 1268 4205 in
1283 4144 1404 4210 Mamm
1419 4143 1569 4210 Masona.

314 4279 359 4342 Et
373 4279 509 4343 ulterius
524 4279 639 4344 dicunt
653 4280 740 4363 quod
764 4300 827 4344 non
844 4288 918 4344 sunt
940 4281 1035 4365 plura
1056 4280 1149 4344 feoda
1164 4280 1310 4345 militum
1325 4282 1360 4345 in
1376 4280 1544 4345 hundredo
1559 4282 1600 4346 de
1616 4281 1764 4368 Greytre.

676 4514 911 4607 [Hunoasourr
934 4516 993 4606 ox]
1022 4516 1360 4587 BROKESASSHE.
1479 4514 1482 4519 ’

315 4648 478 4733 Johannes
507 4670 609 4733 Aston
640 4672 733 4734 tenet
763 4674 851 4735 certa
879 4674 980 4735 terras
1004 4676 1039 4734 eh
1061 4671 1279 4734 tenemento
1268 4692 1302 4733 rn
1325 4672 1434 4737 Aaron
1456 4670 1540 4735 infra
1561 4666 1766 4735 hundredum

272 4756 453 4839 predictum
469 4777 525 4840 per
539 4757 628 4820 aliud
645 4759 815 4821 servicium
830 4778 926 4841 quam
942 4778 999 4841 per
1014 4758 1186 4834 servicium
1200 4757 1345 4822 militare
1348 4779 1436 4842 ‚que
1447 4759 1556 4821 valent
1572 4778 1766 4844 perannum

271 4846 307 4905 in
321 4844 472 4908 omnibus
488 4844 555 4907 exit
542 4844 630 4909 tibus
645 4844 732 4908 ultra
746 4845 918 4928 reprisas-
1053 4884 1063 4896 -
1197 4884 1208 4895 ·
1487 4886 1498 4896 -
1632 4887 1643 4897 -
1687 4867 1717 4910 x.
1729 4849 1763 4910 li.

315 4976 478 5042 Johannes
494 4978 622 5065 Brugge
638 4980 679 5043 de
696 4978 866 5044 Staundon
882 4985 975 5045 tenet
989 5000 1046 5045 un.
1063 4981 1087 5045 f.
1104 5002 1148 5046 m.
1165 4983 1199 5044 in
1218 4982 1310 5049 Saus.

315 5114 472 5180 Ricardus
486 5136 527 5200 ap
542 5116 647 5201 Harry
662 5122 753 5183 tenet
770 5138 826 5183 un.
843 5118 866 5183 f.
884 5138 928 5183 m.
944 5119 979 5181 in
995 5119 1158 5186 Paasrorr.

315 5250 454 5315 Thomas
470 5252 649 5319 Paunoeiot
665 5258 758 5319 tenet
772 5254 816 5319 di.
833 5254 857 5319 f.
874 5274 918 5319 m.
935 5256 971 5317 in
987 5254 1109 5322 Maera
1125 5256 1298 5324 Oowaaun.

316 5374 399 5453 Milo
414 5383 521 5454 Soulle
538 5393 633 5455 tenet
647 5383 692 5456 di.
709 5392 732 5454 f.
747 5412 792 5454 m.
807 5391 841 5453 in
857 5391 1029 5458 Oowaarra.

316 5525 480 5595 Johannes
496 5526 690 5612 Paunoelot,
704 5528 809 5609 miles,
827 5531 917 5592 tanet
931 5532 1082 5611 quartam
1097 5536 1223 5620 partem
1237 5549 1292 5594 un.
1308 5528 1331 5593 f.
1347 5550 1392 5594 ro.
1408 5530 1443 5591 in
1460 5529 1632 5597 Oowaaaa.
