4117 6200
322 601 385 664 116
977 598 1163 666 DORSET.

364 812 537 880 Predictus
577 812 780 903 Reginaldus
822 813 915 879 West
946 818 1039 881 tenet
1068 813 1252 880 manerium
1280 813 1321 879 de
1352 812 1608 886 Bssonsflavus,
1636 810 1674 876 in
1704 808 1819 875 eodem

319 902 504 983 hundredo,
518 926 579 990 per
593 903 768 970 servicium
784 903 973 970 medietatis
988 926 1043 969 un
1061 903 1083 969 l.
1100 927 1141 969 m.

363 1018 457 1083 Idem
489 1018 692 1105 Reginaldus
722 1025 815 1087 tenet
845 1020 979 1086 diversa
1010 1025 1116 1085 terras
1145 1023 1180 1085 et
1211 1024 1401 1086 tenementa
1430 1019 1466 1082 in
1503 1015 1619 1083 eodem
1650 1014 1737 1100 (αττ),
1761 1036 1821 1102 per

318 1108 496 1173 servicium
513 1114 630 1194 quarte
645 1108 750 1195 partis
765 1131 821 1176 un.
838 1108 860 1175 f.
879 1132 920 1175 1n.

363 1222 539 1289 Predictus
565 1224 735 1301 Ricardus,
758 1223 861 1289 abbas
887 1223 928 1288 de
954 1222 1147 1301 Middelton,
1163 1227 1257 1289 tenet
1279 1222 1413 1288 diversa
1438 1226 1543 1287 terras
1569 1226 1604 1285 et
1630 1224 1820 1285 tenemento

318 1311 353 1375 in
378 1312 502 1378 Fauna
526 1314 651 1391 Bucar,
667 1314 703 1377 in
731 1312 845 1379 eodem
869 1312 1055 1391 hundredo,
1081 1313 1281 1378 monasterio
1307 1332 1368 1377 suo
1394 1311 1435 1376 de
1459 1309 1644 1375 Middelton
1671 1308 1819 1395 predicta

318 1402 520 1479 amortisuta,
551 1403 635 1469 citra
664 1403 849 1489 predictum
880 1424 1005 1468 annum
1035 1402 1237 1479 vicesimum,
1268 1423 1331 1488 que
1361 1405 1519 1468 tenentur
1555 1421 1616 1486 per
1643 1398 1819 1465 servicium

317 1496 435 1576 quarte
450 1492 555 1579 partis
571 1513 625 1558 un.
643 1491 667 1557 f.
682 1515 724 1556 m.

361 1605 531 1671 Predictus
557 1607 581 1673 J
582 1608 728 1673 ohannes
745 1608 853 1694 Fyloll
870 1611 964 1674 tenet
978 1607 1163 1672 manerium
1189 1607 1231 1672 de
1247 1606 1362 1670 Lvrnu
1386 1605 1637 1683 Hsavuusrom
1654 1605 1688 1668 in
1705 1603 1818 1669 eodem

316 1694 496 1773 hundredo,
513 1717 572 1783 per
587 1697 763 1763 servicium
778 1698 904 1763 decime
920 1697 1026 1783 partis
1043 1718 1097 1761 un.
1114 1696 1137 1761 f.
1153 1718 1196 1761 m.

361 1810 533 1876 Predictus
548 1810 652 1876 abbas
668 1811 708 1876 de
725 1810 912 1878 Middelton
928 1816 1022 1878 tanet
1039 1811 1172 1877 diversa
1186 1815 1294 1876 terras
1309 1814 1344 1875 et
1359 1813 1550 1876 tenementa
1564 1810 1601 1874 in
1617 1807 1819 1885 Lassroan,

315 1899 352 1962 in
367 1900 481 1966 eodem
496 1900 680 1980 hundredo,
696 1902 892 1967 amortisats
907 1902 1107 1967 monasterio
1131 1922 1192 1965 suo
1206 1900 1366 1986 predicto,
1380 1900 1465 1966 citra
1485 1899 1671 1986 predictum
1692 1919 1816 1962 aunum

316 1989 517 2067 vicesimum,
529 2011 593 2076 que
609 1995 766 2057 tenentur
780 2013 841 2079 per
856 1991 1032 2057 servicium
1046 2012 1134 2056 none
1148 1991 1254 2077 partis
1269 2012 1324 2055 un.
1337 1989 1361 2055 f.
1374 2011 1415 2054 m.

358 2102 528 2169 Johannes
559 2104 708 2191 (lheyne,
724 2102 765 2169 de
793 2103 1024 2190 Myssendenc‚
1040 2104 1077 2167 in
1103 2103 1265 2170 comitatu
1295 2102 1524 2191 Bukingham,
1548 2103 1700 2187 armiger,
1724 2106 1817 2166 tenet

316 2193 500 2259 manerium
517 2194 558 2259 de
574 2194 824 2273 Γοιτυῖττοτοττ,
841 2194 876 2257 in
893 2194 1006 2259 eodem
1031 2193 1215 2270 hundredo,
1231 2193 1320 2279 quod
1335 2214 1403 2258 non
1418 2198 1551 2257 tenetur
1565 2214 1625 2279 per
1640 2191 1815 2257 servicium

312 2281 466 2361 militare,
481 2289 516 2349 et
532 2282 623 2349 valet
637 2303 697 2369 per
712 2305 845 2359 annum,
862 2283 951 2349 ultra
966 2283 1111 2370 reprisas
1202 2321 1214 2331 -
1351 2323 1364 2333 -
1500 2320 1514 2331 ·
1652 2318 1668 2331 -
1712 2301 1768 2344 xx.
1779 2278 1815 2345 lt

356 2396 530 2464 Predictus
548 2397 720 2464 Johannes
736 2398 853 2465 Warre
868 2402 962 2465 tenet
978 2398 1165 2464 manerium
1181 2397 1222 2463 de
1239 2396 1449 2478 Danuuius,
1465 2394 1556 2461 inira
1570 2396 1760 2461 libertatem
1776 2394 1817 2460 de

312 2485 553 2553 recursuros
569 2488 727 2574 predicta,
743 2509 803 2575 per
817 2487 994 2555 servicium
1012 2494 1131 2574 quarte
1145 2488 1254 2575 partis
1270 2510 1324 2553 un.
1341 2488 1361 2553 f.
1379 2510 1420 2551 m.

355 2601 528 2668 Predictus
553 2599 762 2667 Humfredus
786 2601 934 2667 Stailord
949 2606 1043 2667 tenet
1066 2602 1250 2667 manerium
1278 2600 1319 2667 de
1343 2601 1500 2677 Bunvou,
1516 2599 1552 2663 in
1575 2600 1816 2664 Foanvuumu

314 2691 474 2794 predicta,
501 2690 587 2776 quod
613 2712 681 2757 non
706 2695 840 2757 tenetur
863 2713 922 2777 per
948 2691 1124 2757 servicium
1150 2691 1305 2767 militare,
1329 2696 1364 2757 ct
1386 2689 1479 2755 valet
1503 2710 1712 2773 perannum,
1727 2689 1817 2751 ultra

312 2802 347 2845 re
371 2800 454 2845 rasas
504 2815 514 2827 ·

348 2802 526 2959 lohannes
556 2894 597 2960 de
627 2895 660 2960 ls
685 2894 802 2981 Lynde
832 2899 926 2961 tenet
956 2895 1140 2959 manerium
1172 2895 1213 2959 de
1244 2895 1474 2972 Hssvanvuu,
1504 2895 1540 2959 in
1577 2892 1816 2957 semermos

310 2983 469 3089 predicta,
494 2983 582 3069 quod
608 3005 674 3049 non
699 2988 835 3051 meatur
859 3006 918 3073 per
942 2985 1120 3051 servicium
1145 2985 1300 3061 militare,
1316 2989 1350 3050 et
1375 2984 1467 3050 valet
1492 3005 1552 3070 per
1576 3002 1711 3058 annum,
1726 2980 1816 3046 ultra

310 3094 452 3162 repnsas
581 3111 594 3124 ·
776 3113 789 3126 -
970 3112 982 3126 ·
1166 3112 1178 3127 -
1357 3113 1374 3126 ·
1553 3110 1565 3121 -
1613 3092 1670 3137 xx.
1681 3092 1815 3138 mareas.

354 3188 519 3268 Johanna,
533 3189 649 3276 regina
664 3189 793 3277 Anglie,
807 3189 908 3256 habet
923 3195 958 3256 et
973 3190 1116 3278 percipit
1131 3190 1167 3254 in
1182 3190 1290 3277 burgo
1306 3195 1340 3256 ct
1355 3190 1503 3255 dominio
1518 3188 1560 3253 de
1574 3187 1817 3262 Doncflfflvas,

309 3279 349 3343 in
366 3280 528 3346 comitatu
544 3278 684 3346 Dorsete
699 3280 857 3366 predicto,
874 3281 916 3344 ad
932 3281 1114 3346 terminum
1139 3281 1209 3345 vite
1234 3301 1301 3356 sue,
1314 3301 1418 3346 unum
1445 3278 1624 3344 annualem
1649 3276 1815 3342 redditum

310 3391 366 3434 xx.
379 3368 416 3434 li.
432 3369 474 3434 de
490 3368 580 3434 feodi
596 3369 692 3434 firma
706 3369 855 3455 ejusdem
872 3370 962 3436 ville.

357 3483 403 3547 Et
430 3482 572 3548 ulterius
595 3481 738 3568 predicti
761 3484 929 3568 juratores
955 3485 1083 3562 dicunt,
1099 3484 1187 3570 quod
1210 3506 1324 3549 omnes
1338 3505 1479 3572 persone
1494 3482 1727 3571 suprascripte,
1743 3486 1813 3546 tam

309 3571 391 3637 laice
406 3593 505 3656 quam
522 3571 722 3657 spirituales,
738 3573 848 3639 seisite
864 3572 1003 3639 fuerunt
1030 3575 1065 3637 in
1092 3574 1256 3639 dominico
1276 3595 1336 3639 suo
1362 3579 1401 3640 ut
1426 3575 1467 3639 de
1494 3572 1596 3638 libero
1623 3577 1813 3638 tenemento

310 3661 351 3726 da
367 3661 532 3736 maneriis,
557 3661 664 3736 terris,
691 3663 890 3728 tenementis
915 3668 950 3728 et
976 3663 1164 3728 redditibus
1187 3663 1337 3749 superius
1360 3663 1567 3749 specificatis,
1593 3663 1647 3726 die
1675 3661 1813 3726 Veneris

309 3750 462 3837 proximo
487 3754 566 3815 ante
591 3750 715 3815 festum
739 3751 855 3817 Sancti
883 3751 1020 3817 Hillarii
1051 3753 1172 3817 ultimo
1202 3753 1411 3839 preteritum,
1436 3753 1592 3818 videlicet
1623 3750 1730 3835 primo
1760 3750 1813 3814 die

308 3839 520 3926 parliamenti
537 3840 572 3904 in
588 3840 687 3907 dietis
703 3841 808 3906 literis
824 3841 1019 3927 patentibus
1035 3842 1223 3928 specificati,
1239 3842 1337 3908 modo
1363 3849 1399 3907 ct
1422 3841 1531 3908 forma
1545 3845 1646 3926 prout
1660 3838 1813 3925 superius

308 3952 368 4018 per
406 3929 505 3994 istam
543 3930 793 4014 inquisicionem
834 3937 1040 4019 compertum
1081 3938 1139 3997 est
1200 3931 1241 3997 In
1273 3932 1368 4018 cujus
1398 3931 1446 3997 rei
1475 3929 1704 3996 testimonium
1733 3928 1812 3995 huic

307 4019 518 4196 pppffipppini
529 4019 696 4104 juratores
710 4019 852 4106 predicti
869 4019 977 4105 sigilla
1006 4043 1068 4086 sua
1092 4026 1323 4109 apposuerunt.
1370 4021 1495 4088 Datum
1511 4020 1590 4098 loco,
1605 4018 1659 4082 die
1674 4021 1709 4082 et
1724 4038 1813 4084 anno

891 4323 1289 4331 ψ-

351 4537 531 4626 Inquisicio
542 4541 640 4625 capta
654 4538 745 4624 apud
761 4538 964 4626 Wymbornc
981 4539 1143 4627 Mynstre,
1157 4541 1194 4605 in
1209 4540 1369 4606 comitatu
1393 4539 1542 4615 Dorsete,
1558 4537 1612 4602 die
1627 4535 1721 4601 Luna
1736 4540 1812 4620 post

308 4654 431 4719 festum
448 4653 563 4719 Sancti
580 4653 728 4729 Martini,
745 4653 908 4740 Episcopi,
924 4675 1012 4718 anno
1027 4657 1121 4742 regni
1136 4657 1224 4742 regis
1238 4655 1376 4721 Henrici
1391 4655 1479 4720 sexti
1506 4659 1583 4740 post
1597 4653 1812 4737 conquestum

306 4766 444 4843 decimo,
457 4786 568 4832 coram
592 4765 781 4832 Humfredo
797 4766 952 4844 stafford,
967 4768 1124 4847 chivaler‚
1139 4771 1162 4835 J
1164 4771 1294 4835 ohanne
1321 4765 1517 4854 Neuburgh,
1532 4767 1669 4842 seniore,
1684 4764 1813 4828 Thoma

306 4877 573 4954 Husee,Robertc
584 4878 766 4966 Rempston
777 4881 840 4965 [et]
851 4880 1018 4947 Willclmo
1030 4882 1458 4962 Gerard,commissionariis
1467 4880 1548 4947 dicti
1559 4878 1714 4965 [domini]
1724 4877 1812 4964 regis

303 4995 339 5059 in
354 4992 515 5058 comitatu
532 4992 689 5078 predicte,
707 4995 835 5059 virtute
861 4993 1036 5061 literarum
1052 4999 1242 5083 patencium
1255 4997 1401 5084 ejusdem
1418 4997 1505 5084 regis
1518 4994 1640 5060 eisdem
1657 4992 1809 5058 commis·

304 5107 458 5174 sionariis
474 5107 675 5172 directurum
692 5112 726 5174 et
742 5108 821 5174 huic
836 5107 1050 5192 inquisicioni
1065 5118 1288 5190 consutamm,
1302 5113 1347 5178 ad
1361 5111 1598 5198 inquirendum
1614 5109 1655 5173 de
1670 5105 1812 5171 diversis

303 5221 454 5289 articulis
478 5223 513 5285 in
540 5221 663 5286 eisdem
691 5221 797 5288 literis
823 5221 1032 5308 specificatis,
1048 5249 1108 5314 per
1131 5234 1375 5293 sacramentum
1396 5226 1576 5313 proborum
1602 5228 1636 5288 et
1651 5220 1809 5309 legalium

302 5337 474 5404 hominum
499 5335 748 5402 hundredorum
774 5336 814 5402 de
842 5334 1062 5417 Craneboma
1079 5339 1237 5420 Knolton,
1253 5342 1310 5429 Up
1325 5341 1540 5428 Wymbmne,
1556 5334 1809 5419 Conkesdyche,

302 5452 501 5540 Losebargh,
517 5449 719 5539 Buddebury
734 5455 769 5518 et
784 5449 970 5530 cokedene,
988 5454 1022 5519 in
1046 5454 1198 5540 predicto
1222 5458 1383 5524 comitatu
1411 5455 1549 5520 Domete
1573 5446 1808 5527 existendum,
