4117 6200
897 624 979 689 Ab.
1012 626 1107 690 1428.
1688 627 1750 690 8Οό

298 810 386 876 Item
401 812 527 891 dicunt,
540 812 626 897 quod
640 811 774 876 ecclesia
796 808 989 896 parochialis
1014 812 1126 878 Basra
1148 809 1261 878 Maera
1285 832 1328 877 nn
1353 811 1510 891 Rursum,
1538 810 1573 874 in
1598 810 1752 876 suburbio

253 899 329 964 ville
358 899 514 983 predicte,
540 901 626 965 valet
654 920 712 983 per
740 919 873 978 annum,
902 919 1004 983 usqne
1033 899 1074 962 ad
1105 918 1314 984 suppremum
1344 902 1379 964 et
1407 901 1586 963 maximum
1611 900 1750 963 valorem

252 987 396 1070 ejusdem
411 987 541 1051 ecclesie
555 987 625 1071 viij.
642 987 750 1064 libras,
765 992 799 1050 et
815 1005 879 1049 non
894 985 990 1051 ultra.

298 1126 383 1189 Item
398 1126 523 1204 dicunt,
545 1125 630 1209 quod
656 1126 789 1189 ecclesia
811 1123 1016 1208 parochialis,
1039 1128 1152 1189 vocata
1178 1126 1314 1190 Taurus
1341 1125 1502 1198 sumena,
1531 1125 1617 1188 infra
1640 1124 1752 1187 villam

253 1213 442 1297 predictam,
457 1213 541 1277 valet
555 1234 612 1296 per
626 1233 760 1289 annum,
774 1233 876 1295 usque
892 1213 933 1275 ad
949 1232 1158 1297 suppremum
1179 1221 1213 1277 et
1237 1213 1415 1276 marimum
1439 1211 1579 1276 valorem
1605 1211 1751 1294 ejusdem

254 1301 384 1364 ecclesie
400 1301 463 1383 xvj.
480 1300 586 1381 libras,
600 1305 635 1364 et
649 1320 713 1363 non
728 1299 826 1365 ultra.

299 1439 388 1502 Item
410 1439 534 1516 dicunt,
560 1441 644 1522 quod
672 1439 762 1502 nulla
785 1457 918 1521 persona
944 1406 1037 1500 tenet
1061 1459 1116 1520 per
1145 1439 1276 1502 feodum
1306 1438 1421 1502 militis
1450 1437 1536 1501 inira
1564 1437 1688 1516 villam,
1716 1442 1752 1501 et

254 1526 444 1590 suburbium
458 1527 613 1609 predicta,
627 1547 686 1590 nec
699 1547 758 1610 per
770 1525 914 1608 aliquam
929 1525 1101 1608 parcellam
1115 1523 1252 1610 alicujus
1267 1525 1353 1590 leodi
1369 1525 1494 1590 militie.

298 1664 338 1728 In
353 1664 446 1748 cujus
460 1665 508 1729 rei
522 1666 746 1729 testimonium
761 1665 965 1749 presentibus
975 1665 1138 1748 juratores
1152 1664 1291 1750 predicti
1306 1664 1415 1750 sigilla
1430 1685 1487 1729 sua
1501 1667 1729 1749 apposuerunt.

299 1804 421 1868 Datum
435 1804 521 1888 apud
538 1803 747 1882 Bristolliam,
762 1803 815 1867 die
832 1809 866 1867 ct
881 1821 965 1867 anno
980 1801 1183 1886 supradictis.

1032 1995 1220 2002 .-..-..-.----ι

301 2109 464 2173 Particule
477 2109 618 2191 compoti
634 2109 770 2172 Walteri
785 2108 917 2187 Milton,
931 2111 1078 2187 senioris,
1091 2108 1237 2194 Philippi
1263 2110 1399 2188 Russell,
1415 2109 1573 2174 Willelmi
1587 2109 1697 2176 White
1719 2124 1753 2176 et

262 2195 413 2259 Edwardi
429 2195 559 2276 Fculcr,
574 2195 782 2260 collectorum
804 2194 938 2260 subsidii
963 2199 1034 2282 regi
1059 2197 1200 2260 Henrico
1214 2195 1269 2281 vj‘⁰
1291 2199 1327 2261 in
1353 2198 1565 2281 parliamento
1588 2219 1645 2262 suo
1668 2200 1754 2283 apud

259 2283 585 2347 westmonasterium
615 2284 650 2345 in
680 2284 844 2366 quindena
874 2283 984 2348 Sancti
1014 2284 1197 2363 Michaelis,
1227 2304 1311 2348 anno
1340 2287 1433 2368 regni
1462 2286 1513 2348 sui
1537 2283 1592 2370 vj‘⁰
1617 2304 1637 2349 a
1664 2286 1754 2351 laicis

259 2371 401 2434 concessi
427 2371 467 2434 de
491 2370 749 2434 inhabitantibus
774 2371 939 2434 domicilia
963 2372 1151 2436 tenentibus
1176 2371 1350 2452 cujuslibet
1373 2370 1522 2456 parochie
1545 2373 1629 2436 inira
1643 2373 1754 2438 villam

261 2457 425 2522 Bristollie
450 2461 482 2520 et
507 2456 658 2521 suburbia
681 2457 826 2540 ejusdem
853 2457 1047 2536 inhabitate,
1072 2459 1247 2522 dummodo
1271 2460 1306 2522 in
1331 2461 1442 2524 eadem
1468 2460 1620 2542 parochia
1642 2461 1754 2525 decem

257 2545 477 2608 inhabitantes
503 2545 669 2623 domicilia
691 2550 840 2609 tenentes
865 2547 1017 2626 existant,
1032 2546 1125 2630 cujus
1140 2545 1275 2610 ecclesia
1289 2546 1405 2612 valoris
1419 2549 1497 2610 anui
1511 2567 1562 2612 xx.
1580 2546 1755 2612 solidorum

259 2633 380 2711 existit,
407 2631 488 2695 duos
514 2632 642 2710 solidos,
666 2638 701 2697 et
731 2634 777 2696 sic
805 2633 1006 2696 ascendendo
1032 2633 1125 2716 juxta
1147 2637 1252 2697 ratam
1281 2654 1383 2717 nsque
1412 2634 1454 2698 ad
1483 2653 1693 2718 suppremum
1720 2641 1756 2701 et

258 2720 437 2782 maximum
453 2719 593 2782 valorem
610 2719 755 2802 ejusdem
770 2721 904 2784 ecclesie
917 2741 974 2804 per
988 2721 1113 2785 debitas
1128 2721 1359 2804 inquisiciones
1373 2721 1448 2786 inde
1461 2721 1563 2784 factas
1588 2721 1755 2787 solvendos

258 2807 293 2869 in
308 2805 392 2870 iesto
407 2806 617 2871 Pentecostes
632 2812 712 2871 tunc
726 2809 871 2891 proximo
885 2807 1005 2887 futuro,
1019 2829 1058 2872 ac
1073 2809 1113 2872 de
1128 2809 1271 2892 qualibet
1285 2827 1419 2891 persona
1433 2809 1543 2872 saisita
1558 2809 1598 2871 de
1613 2812 1706 2874 terris
1721 2815 1756 2873 et

259 2894 453 2957 tenementis
469 2893 554 2956 infra
570 2893 681 2957 villam
696 2895 874 2978 predictam
889 2900 923 2958 et
938 2895 1090 2958 suburbia
1104 2895 1248 2980 ejusdem
1263 2900 1332 2960 tam
1359 2897 1444 2960 inira
1468 2895 1633 2960 libertates
1658 2917 1755 2983 quam

261 2987 352 3044 extra
375 2981 410 3042 in
432 2981 594 3044 dominico
610 3000 666 3044 suo
681 2988 720 3045 nt
733 2981 774 3045 de
789 2983 882 3045 feoda
896 2988 934 3045 ut
949 2981 1102 3046 delibero
1118 2987 1313 3062 tenemento,
1327 3004 1390 3067 que
1407 2987 1505 3048 terras
1520 2989 1555 3047 et
1568 2988 1755 3048 tenementa

259 3068 372 3132 eadem
408 3088 542 3151 persona
578 3071 823 3153 possessionata,
866 3089 921 3133 scu
958 3090 1092 3153 persone
1128 3070 1373 3153 possessionate,
1407 3075 1512 3150 tenet,
1549 3091 1607 3135 seu
1643 3077 1756 3137 tenent

262 3155 451 3220 immediate
465 3176 523 3239 per
537 3157 702 3241 integrum
719 3156 850 3220 icodum
865 3157 980 3220 militis
997 3157 1039 3239 vj.
1052 3177 1079 3221 s.
1096 3156 1165 3240 viij.
1177 3156 1209 3221 d.
1227 3164 1261 3221 et
1276 3160 1321 3220 sic
1342 3158 1439 3241 juxta
1461 3164 1566 3221 ratam
1590 3179 1690 3243 usque
1715 3160 1755 3223 ad

260 3248 408 3325 quartam
445 3248 573 3326 partem
602 3247 626 3309 f.
650 3264 694 3308 m.
718 3243 884 3322 inclusive,
920 3244 1174 3327 possessionibus
1210 3245 1479 3328 temporabilibus
1515 3246 1757 3310 decimabilibus

261 3330 528 3413 quibuscumque,
559 3352 596 3394 ac
625 3331 855 3413 possessoribus
884 3332 1057 3394 earundem
1086 3352 1144 3413 pro
1173 3332 1307 3409 eisdem,
1335 3333 1487 3416 exceptis,
1516 3333 1681 3396 solvendos
1718 3334 1758 3396 ad

261 3418 379 3480 festum
406 3415 519 3480 Sancti
543 3416 699 3481 Johannis
725 3416 872 3500 Baptista
898 3422 977 3481 tnnc
1002 3420 1148 3502 proximo
1171 3419 1330 3496 futurum,
1354 3439 1410 3503 per
1440 3420 1534 3483 breve
1563 3419 1644 3483 dicti
1673 3422 1758 3505 regis

260 3510 387 3585 patens,
402 3504 516 3568 datum
532 3504 587 3587 vj‘0
601 3505 654 3566 die
680 3505 812 3589 Aprilis,
838 3525 923 3568 anno
944 3505 1008 3588 vj‘0,
1023 3506 1156 3588 prefatis
1179 3506 1398 3571 collectoribus
1421 3508 1582 3585 directun,
1605 3514 1638 3572 et
1664 3528 1760 3591 super

261 3586 348 3654 hunc
362 3597 549 3675 compotum
563 3592 747 3677 liberatum,
764 3593 919 3656 videlicet
933 3594 974 3656 dc
989 3590 1173 3677 hujusmodi
1189 3594 1341 3674 subsidio,
1357 3598 1396 3659 ut
1410 3592 1492 3658 infra
1505 3618 1558 3657 :-

980 3786 1210 3795 *κ*

638 3901 687 3965 De
713 3902 821 3985 aliquo
843 3903 987 3965 subsidio
1013 3901 1094 3983 vj.s.
1122 3900 1236 3983 viij.d.
1260 3899 1397 3983 alicujus
1430 3897 1516 3963 feodi
1553 3898 1682 3977 militis,
1707 3898 1759 3963 vel

555 3994 561 4008 '
634 3988 731 4073 juxta
744 3995 846 4052 ratam
863 3989 1028 4073 usquead
1051 3993 1200 4072 quartam
1226 3992 1353 4070 partem
1378 3985 1402 4051 f.
1418 4006 1463 4050 m.
1490 3985 1645 4051 inclusive
1671 3986 1760 4050 dictu

263 4073 394 4138 domiuo
409 4075 478 4159 regi
494 4093 642 4140 concesso
657 4076 697 4139 de
711 4076 854 4157 qualibet
869 4096 1003 4159 persona
1018 4077 1129 4139 saisita
1143 4076 1183 4138 de
1198 4076 1292 4138 terris
1303 4080 1336 4137 et
1347 4074 1541 4135 tenementis
1552 4072 1637 4137 infra
1649 4073 1760 4137 villam

264 4161 442 4243 predictam
459 4182 516 4226 sen
531 4162 682 4226 suburbia
696 4164 842 4244 ejusdem
857 4170 925 4225 tam
941 4163 1025 4225 inira
1040 4162 1206 4225 libertates
1221 4181 1319 4243 quam
1344 4164 1435 4223 extra
1457 4161 1492 4222 in
1517 4161 1678 4224 dominico
1703 4182 1761 4225 suo

263 4252 302 4311 ut
327 4248 368 4312 de
392 4249 487 4312 seoda
512 4255 551 4312 ut
575 4251 616 4313 de
644 4249 747 4312 libero
775 4254 975 4327 tenemento,
999 4269 1062 4331 que
1090 4252 1175 4312 terre
1205 4252 1240 4311 et
1270 4252 1455 4311 tenementa
1483 4247 1596 4310 eadem
1628 4267 1762 4331 persona

263 4338 508 4419 possessionem,
523 4357 581 4401 seu
595 4355 729 4419 persone
743 4336 990 4419 possessicnate,
1001 4340 1100 4415 tenet,
1114 4355 1169 4398 seu
1184 4338 1310 4414 tenent,
1321 4334 1510 4398 immediate
1526 4354 1582 4418 per
1596 4335 1761 4419 integrum

264 4424 395 4486 feodum
419 4423 550 4500 militis,
575 4433 611 4487 et
636 4424 681 4485 sic
701 4423 796 4506 juxta
822 4427 927 4485 ratam
950 4442 1051 4504 usque
1073 4422 1114 4485 ad
1138 4426 1288 4504 quartam
1318 4424 1444 4504 partem
1474 4422 1497 4487 f.
1522 4442 1568 4486 m.
1592 4422 1761 4502 inclusive,

264 4511 517 4592 possessionibus
532 4509 762 4593 temporalibus
776 4509 1020 4573 decimabilibus
1029 4509 1284 4592 quibuscumque
1299 4528 1336 4572 ac
1348 4508 1578 4591 possessoribus
1589 4509 1761 4572 earundem

264 4617 323 4679 pro
349 4597 471 4661 eisdem
494 4599 636 4680 exceptis
659 4600 757 4680 prout
780 4598 814 4659 in
838 4596 927 4659 brevi
950 4598 1035 4682 regis
1057 4596 1197 4680 predicti
1220 4615 1316 4679 supra
1340 4596 1375 4658 in
1390 4594 1490 4658 titulo
1504 4594 1603 4679 hujus
1617 4596 1762 4679 compoti

265 4685 422 4746 annotato
437 4684 564 4767 plenius
577 4685 773 4760 continetur,
786 4704 852 4747 non
875 4685 1080 4767 respondent,
1104 4704 1142 4747 eo
1168 4682 1253 4765 quod
1279 4680 1369 4746 nulle
1394 4684 1482 4760 sunt,
1505 4702 1565 4746 nec
1591 4682 1762 4747 luerunta

266 4774 411 4853 tempore
425 4772 638 4835 concessionis
652 4771 789 4834 subsidii
803 4770 953 4855 predicti,
968 4771 1075 4854 alique
1092 4786 1224 4854 persone
1239 4770 1350 4833 seieite
1365 4768 1405 4833 de
1419 4766 1475 4855 huj
1481 4770 1605 4833 usmodi
1620 4770 1714 4833 terris
1729 4776 1763 4833 et

266 4859 463 4921 tenementis
477 4858 563 4921 inira
577 4858 687 4921 villam
702 4858 894 4942 predictam,
909 4880 965 4923 seu
979 4858 1131 4922 suburbia
1146 4857 1303 4942 ejusdem,
1317 4858 1353 4920 in
1368 4856 1403 4920 in
1420 4856 1581 4921 dominico
1596 4876 1654 4920 suo
1669 4861 1707 4919 ut
1722 4858 1763 4921 de

267 4944 374 5020 feodo,
400 4949 438 5007 ut
459 4946 501 5008 de
527 4945 628 5009 libero
651 4949 849 5025 tenemento,
865 4947 906 5009 de
930 4946 1040 5030 aliquo
1065 4944 1160 5009 feodo
1185 4944 1313 5022 militis,
1327 4964 1387 5009 nec
1402 4942 1510 5029 aliqua
1525 4944 1662 5028 parcella
1677 4944 1764 5008 feodi

267 5030 396 5109 militis,
410 5031 543 5112 ibidem,
558 5033 644 5097 unde
658 5032 788 5115 aliquod
803 5031 989 5116 hujusmodi
1013 5034 1193 5097 subsidium
1216 5033 1258 5096 de
1285 5034 1414 5117 integro
1439 5031 1532 5095 feodo
1559 5030 1687 5110 militis,
1713 5031 1765 5095 vel

267 5138 369 5200 usque
394 5120 436 5183 ad
458 5126 608 5203 quartam
633 5125 757 5202 partem
781 5120 868 5184 feodi
889 5121 1018 5197 militis,
1033 5120 1233 5197 levaverunt,
1247 5139 1307 5183 nec
1328 5120 1447 5183 levasse
1462 5123 1652 5202 potuerunt,
1669 5122 1766 5201 prout

268 5205 370 5269 iidem
399 5208 586 5272 collectores
614 5207 725 5290 aliquo
752 5207 849 5271 modo
877 5208 1037 5291 inquirere
1065 5211 1253 5291 potueruut,
1280 5207 1364 5270 sicut
1387 5207 1573 5270 continetur
1597 5206 1633 5269 in
1659 5204 1764 5269 tribus

268 5292 537 5376 inquisicionibus
551 5294 716 5379 predictis,
730 5298 769 5358 ut
783 5294 898 5358 dicunt
913 5315 1009 5379 super
1024 5299 1261 5358 sacramentum
1276 5314 1380 5359 suum.

339 3954 427 4006 Feoda
438 3956 552 4007 militum

703 5432 838 5497 Summa
852 5437 984 5517 recepte
1000 5454 1051 5497 rx.
1064 5430 1101 5497 [ι’.
1119 5432 1161 5515 vj.
1173 5452 1199 5496 s.
1216 5431 1285 5515 viij.
1297 5430 1330 5496 d.

1144 5617 1222 5624 ..—

335 5632 423 5684 18345.
