4117 6200
342 1801 528 1869 Penciones.

335 3375 519 3442 Peneioncs.

343 4809 524 4875 Porciones.

876 639 983 707 nl),
1005 641 1100 705 lana.

691 929 736 993 Et
761 931 936 993 onerentur
961 925 1004 991 de
1029 925 1125 993 rins.
1142 929 1208 993 nri.
1231 929 1277 993 ob.
1305 926 1344 991 de

648 1016 790 1081 subsidio
816 1015 1028 1099 contingente
1049 1019 1159 1079 texam
1180 1014 1344 1098 pensionis

648 1103 810 1168 abbatisse
829 1103 870 1166 ds
895 1102 1077 1167 Elnestcwe
1103 1102 1139 1165 in
1157 1102 1278 1166 vicaria
1303 1100 1345 1163 de

649 1193 818 1268 Dinaeae,
838 1190 956 1253 valoris
985 1208 1045 1273 per
1072 1208 1196 1253 annum
1227 1188 1344 1273 arvjo.

648 1278 754 1363 viiii.
766 1282 801 1341 et
811 1277 850 1340 dc
863 1275 1007 1340 subsidio
1015 1277 1226 1360 contingente
1238 1282 1346 1339 texam

648 1366 811 1451 pensionis
839 1383 935 1447 quam
966 1362 1145 1446 capitulum
1181 1362 1347 1426 Lincolnie

648 1452 789 1536 percipit
802 1453 838 1514 in
852 1450 989 1514 ecclesia
1003 1450 1045 1512 de
1060 1450 1209 1517 Wumna
1231 1450 1348 1527 Rsers,

649 1540 766 1603 valoris
795 1537 904 1622 lxvje.
930 1537 1035 1623 viiic.
1067 1543 1105 1600 et
1134 1536 1174 1599 de
1204 1535 1347 1599 subsidio

649 1626 861 1710 contingente
877 1632 986 1689 texam
1001 1623 1164 1707 pensionis
1184 1623 1347 1687 abbatisse

650 1713 690 1776 dc
713 1713 897 1777 lilnestowe
920 1712 955 1774 in
979 1711 1117 1775 ecclesia
1141 1711 1182 1773 de
1197 1710 1346 1779 Wannnrs

650 1802 766 1875 Rama,
781 1799 896 1861 valoris
911 1819 993 1863 xxc.
1010 1797 1098 1862 etde
1114 1798 1257 1861 subsidio
1271 1818 1346 1861 con-

649 1890 800 1970 tingente
851 1890 960 1949 taxsm
1007 1886 1173 1969 pensionis
1221 1884 1347 1949 abbetis

650 1972 1007 2036 westmonasteriensis
1048 1973 1083 2035 in
1126 1972 1261 2035 ecclesia
1306 1972 1347 2036 de

652 2062 870 2138 Sufficiens,
886 2059 1002 2123 valoris
1017 2059 1072 2124 Le.
1087 2062 1122 2122 et
1142 2058 1182 2123 de
1201 2058 1347 2123 subsidio

649 2149 860 2231 contingente
875 2152 984 2211 texam
999 2146 1163 2228 pensionis
1179 2147 1293 2230 prioris
1308 2146 1348 2211 de

651 2233 805 2310 Hertiord
835 2234 869 2296 in
900 2234 1020 2297 vicaria
1049 2231 1205 2317 ejusdem,
1231 2234 1348 2299 valoris

650 2322 758 2407 xxiia.
769 2321 852 2385 etde
863 2320 1005 2384 subsidio
1016 2320 1227 2404 contingente
1238 2326 1347 2386 tanam

650 2410 813 2493 pensionis
849 2406 977 2471 abbatis
1015 2408 1129 2475 Sancti
1166 2407 1284 2471 Albani
1312 2410 1348 2472 in

1516 1750 1633 1814 Velent

1398 1838 1482 1904 isli.
1504 1838 1622 1904 xviiie.
1637 1838 1743 1922 viiic.

651 2496 786 2560 ecclesia
829 2491 901 2581 [de]
945 2494 1192 2573 nonacensis,
1228 2496 1347 2560 valoris
1466 2495 1469 2501 '

650 2581 1347 2670 xiijo.iiij.d.perannuminiredecsnetnm

650 2671 691 2735 de
707 2668 814 2735 Hiche
833 2674 900 2748 (etc.
916 2692 952 2735 os
967 2671 1085 2747 chose).

731 2834 926 2901 Dacaasnos
948 2853 993 2900 nn
1015 2831 1271 2901 HERTFOBD.

692 2946 738 3009 Et
766 2951 940 3009 onerantur
969 2944 1010 3008 de
1040 2943 1120 3031 iij.s.
1136 2944 1209 3031 ijei.
1234 2946 1281 3011 ob.
1312 2945 1353 3011 de

649 3032 794 3096 subsidio
822 3034 1034 3118 contingente
1058 3038 1167 3096 texam
1190 3035 1353 3116 pensionis

651 3121 776 3184 abbatis
798 3120 839 3183 de
866 3119 986 3188 Sancto
1010 3119 1136 3183 Albano
1159 3121 1195 3184 in
1218 3120 1353 3186 ecclesie

658 3200 729 3294 [de]
750 3207 1000 3284 amcam,
1023 3206 1139 3270 valoris
1154 3207 1222 3294 ijs.
1248 3212 1283 3272 et
1311 3211 1352 3273 de

651 3292 796 3358 subsidio
819 3294 1029 3376 contingente
1059 3303 1169 3360 taram
1192 3298 1354 3378 pensionis

653 3381 766 3463 prioris
790 3379 832 3443 de
858 3380 969 3444 lewes
993 3381 1029 3444 in
1044 3380 1177 3444 ecclesia
1200 3383 1241 3446 de
1267 3384 1352 3451 Bas·

653 3487 825 3535 cmsnan
855 3467 973 3547 Panas,
1003 3467 1121 3531 valoris
1150 3489 1212 3534 ns.
1241 3474 1276 3534 et
1311 3470 1354 3534 de

652 3553 797 3618 subsidio
820 3554 1034 3639 contingente
1058 3558 1168 3620 texam
1194 3558 1355 3639 pensionis

652 3642 769 3726 prioris
783 3642 824 3706 de
838 3639 1006 3725 Wylyiord
1027 3643 1064 3705 in
1079 3642 1212 3706 ecclesia
1236 3643 1354 3711 sinon

652 3728 815 3796 N1cnons1
843 3729 884 3792 de
914 3728 1100 3796 Hnnnroan
1124 3729 1241 3794 valoris
1270 3752 1353 3796 ιω.

651 3837 708 3900 per
721 3837 841 3880 annum
856 3815 929 3900 (etc.
944 3839 981 3881 cs
996 3817 1115 3893 above).

767 4004 963 4071 Dromsros
985 4024 1030 4069 na
1052 4003 1245 4072 BALDAK.

696 4116 741 4179 Et
756 4122 930 4180 onerantur
944 4117 984 4180 de
999 4117 1095 4203 xxje.
1112 4115 1262 4200 m1.d.de
1279 4114 1351 4180 sub·

655 4203 739 4266 sidio
759 4203 970 4285 proveniente
995 4203 1035 4266 de
1049 4203 1201 4287 porcione
1227 4201 1353 4266 abbetis

655 4290 696 4352 de
734 4288 913 4357 colecestre
941 4291 977 4353 in
1006 4290 1119 4354 ecclesi
1157 4290 1196 4353 de
1233 4290 1354 4365 Aaron,

655 4376 773 4440 valoris
788 4375 898 4462 xlvj.s.
919 4374 1026 4462 viije.
1047 4381 1106 4440 aut
1130 4379 1199 4456 (sic)
1217 4376 1256 4440 de
1280 4396 1352 4459 por-

656 4464 748 4527 cione
793 4463 910 4546 prioris
947 4463 1067 4530 Sancte
1102 4463 1285 4538 'I'rinitetia
1313 4462 1354 4525 de

657 4549 802 4628 london,
828 4550 863 4612 in
895 4548 1029 4613 ecclesis
1059 4550 1099 4613 de
1127 4549 1355 4627 Wnsrasunrrn,

656 4637 773 4701 valoris
800 4636 918 4722 xxvjc.
935 4635 1042 4723 viiia.
1059 4642 1118 4701 aut
1143 4637 1184 4702 de
1207 4637 1356 4719 porcione

656 4724 774 4807 prioris
787 4723 829 4788 de
848 4723 970 4792 Sancto
984 4722 1093 4788 Neoto
1113 4725 1148 4786 in
1162 4723 1295 4787 ecclesia
1315 4724 1355 4788 de

656 4811 792 4890 Wrnrrr,
808 4810 927 4874 valoris
942 4811 1060 4896 xxvia.
1082 4809 1188 4896 viije.
1204 4815 1264 4875 aut
1281 4808 1353 4890 (sic)

656 4898 696 4962 de
721 4898 873 4981 porcione
897 4897 1024 4961 abbatis
1051 4898 1091 4962 de
1116 4897 1296 4962 Oolecestre
1321 4899 1356 4960 in

657 4985 794 5048 ecclesis
823 4983 864 5048 de
892 4985 1075 5064 Wanmrars,
1109 4983 1227 5050 valoris
1264 4985 1356 5070 liije.

656 5071 754 5156 iiije.
770 5076 829 5135 ant
843 5070 885 5135 de
893 5073 1042 5154 porcione
1053 5072 1180 5137 abbatis
1189 5072 1230 5137 dc
1240 5069 1357 5136 Sancto

654 5158 781 5222 Albano
796 5159 830 5222 in
842 5157 979 5222 ecclesis
993 5158 1034 5222 de
1045 5160 1227 5240 Wsmarr,
1238 5161 1356 5225 valoris

657 5245 731 5310 xis.
755 5250 815 5309 ant
839 5246 990 5328 porcione
1015 5246 1143 5311 abbatis
1169 5246 1211 5309 de
1235 5247 1356 5312 Sancto

657 5332 783 5396 Albano
812 5332 849 5395 in
879 5333 1013 5398 ecclesia
1042 5334 1083 5398 de
1114 5335 1355 5412 Wamaerme

657 5419 873 5485 valerianas.
888 5440 946 5504 per
965 5441 1091 5485 annum
1112 5421 1198 5484 inira
1218 5421 1357 5487 decena·

657 5514 729 5573 tum
744 5508 786 5572 de
800 5505 927 5572 Baldalr
945 5513 1012 5590 (eto.
1027 5531 1064 5575 aa
1079 5511 1198 5588 above).

1513 3339 1641 3443 Valent,

1517 3448 1644 3513 xixus.

1516 4725 1646 4806 Valent,

1544 4815 1615 4878 nli.

1474 4899 1574 4987 xiijo.
1590 4901 1688 4988 iiijsl.
