4117 6200
288 605 352 669 426
911 603 1166 672 HERTFORD.

333 892 516 956 Munerium
530 893 569 956 de
585 893 747 960 Hsrrnun
763 896 813 958 est
827 894 868 958 de
883 895 1074 979 episcopatu
1089 895 1232 979 Elyensi,
1248 898 1281 960 et
1304 898 1435 959 tenetur
1456 895 1498 959 de
1512 893 1644 958 domino
1658 914 1734 979 rege
1748 895 1785 957 in

289 981 406 1062 capite,
422 980 519 1044 simul
534 1001 608 1043 cum
622 984 696 1046 totu
710 981 853 1059 beronis,
868 987 916 1046 set
932 1003 989 1066 per
1002 981 1089 1066 quod
1105 982 1275 1047 servicium
1290 984 1454 1066 ignorant.
1499 983 1543 1046 Et
1565 986 1615 1047 eet
1636 982 1672 1044 in
1686 1001 1786 1046 mauu

290 1066 413 1130 domini
428 1069 513 1152 regis
528 1068 605 1150 quie
620 1068 694 1133 sede
709 1075 842 1133 recente
862 1072 930 1149 (sic)
949 1074 1022 1153 posi
1037 1077 1174 1134 mortem
1188 1071 1330 1154 episcopi
1344 1069 1501 1134 defuncti.

332 1205 520 1288 Episcopus,
537 1207 650 1290 siquis
672 1229 730 1291 pro
744 1213 887 1292 bempore
903 1208 1014 1286 fuerit,
1029 1213 1121 1275 tenet
1143 1209 1299 1276 'Perseus
1321 1229 1379 1293 pro
1401 1207 1446 1273 di.
1463 1208 1487 1273 f.
1503 1208 1543 1272 de
1564 1208 1696 1272 domino
1710 1227 1787 1293 rege

290 1294 344 1357 i.c.
390 1293 434 1356 Et
449 1294 662 1357 estinmenu
677 1298 773 1380 regis.
1595 1295 1602 1314 ⁸

297 1430 491 1604 [PDomhdus
515 1431 716 1584 Rgginaldus
735 1434 777 1498 de
802 1433 890 1518 Grey
915 1441 1005 1500 benet
1032 1437 1066 1498 in
1091 1436 1253 1503 Hsrrnun
1275 1436 1317 1500 de
1338 1435 1471 1498 domino
1492 1433 1640 1499 Jobenne
1662 1434 1787 1517 Peyver

340 1539 434 1602 eyvre
471 1539 527 1585 un.
567 1539 589 1585 ι.
623 1542 690 1585 .m.

334 1657 428 1722 Idem
449 1657 648 1743 Reginaldus
671 1664 763 1726 tenet
785 1660 907 1725 ibidem
929 1660 969 1723 de
984 1660 1116 1724 domina
1130 1661 1257 1746 Agnete
1271 1660 1312 1724 de
1326 1659 1482 1725 Valencic
1496 1664 1645 1725 octavam
1659 1663 1788 1742 parbem

290 1765 347 1811 un.
364 1746 387 1811 f.
404 1766 448 1810 m.
466 1765 505 1810 ex
518 1745 708 1810 dimissione
722 1748 846 1811 domini
862 1749 958 1833 regis.

334 1882 499 2034 Jolburrfnes
513 1883 553 1948 de
568 1883 798 1970 Bussyngburn
812 1889 904 1949 tenet
925 1886 1049 1950 ibidem
1064 1884 1105 1948 de
1121 1886 1282 1970 episcopo,
1300 1886 1328 1948 si
1343 1887 1416 1968 quis
1437 1904 1495 1968 pro
1514 1888 1661 1967 tempore
1676 1880 1787 1961 suerit,

291 1992 348 2036 un.
387 1991 409 2037 1.
442 1992 511 2036 .m.

290 2106 497 2258 d'Jthannes
525 2108 613 2172 filius
642 2106 799 2173 Johennis
828 2109 889 2174 filii
921 2109 1062 2179 Simonis
1086 2113 1178 2174 tenet
1206 2110 1331 2176 ibidem
1361 2109 1401 2173 de
1428 2109 1543 2173 eodem
1567 2109 1716 2191 episcopo
1731 2127 1787 2171 un.

315 2217 338 2259 1.
364 2244 371 2260 .
397 2217 441 2259 m.
887 2243 890 2250 .

335 2332 357 2397 J
358 2331 499 2396 ohannes
513 2332 554 2396 de
570 2331 654 2416 Coye
670 2337 759 2398 tenet
774 2333 897 2401 ibidem
912 2335 953 2398 de
969 2335 1083 2399 eodem
1098 2335 1247 2418 episcopo
1261 2334 1339 2397 dues
1354 2339 1462 2417 partes
1477 2353 1533 2398 un.
1550 2334 1573 2398 f.
1590 2353 1634 2397 m.

714 2559 850 2625 Summe
864 2561 1071 2625 denariorum
1085 2560 1234 2644 :-cxj.e.
1252 2559 1320 2645 viij.
1331 2561 1363 2625 d.

691 2818 877 2908 [Drurmuu
900 2842 1111 2890 nunnunnuu
1133 2843 1177 2889 nn
1199 2818 1400 2908 mecum]

337 2985 513 3070 Inquisicio
527 2983 613 3050 fecie
627 2985 664 3047 in
685 2986 822 3051 dimidio
844 2987 1011 3053 hundredo
1038 2988 1079 3052 de
1101 2986 1227 3052 Hioche
1242 2989 1330 3072 apud
1344 2988 1451 3067 Ware,
1467 2987 1502 3050 in
1518 2986 1659 3052 crastino
1674 2983 1789 3048 Seucti

295 3072 419 3138 Thome
448 3071 606 3157 Apostoli,
634 3092 719 3137 enno
748 3077 841 3159 regni
871 3076 957 3162 regis
985 3075 1132 3140 Edwardi
1161 3077 1327 3140 tricesimo
1356 3075 1472 3160 primo,
1501 3093 1560 3157 per
1584 3072 1789 3137 Willelmum

296 3162 409 3247 leget,
427 3159 627 3224 Willelmum
641 3161 806 3241 Perleben,
822 3161 981 3227 Thomem
996 3163 1037 3227 de
1050 3162 1082 3226 le
1097 3164 1195 3246 Leye,
1210 3163 1393 3227 Johsnnem
1414 3167 1468 3227 ete
1482 3161 1595 3241 Felde,
1613 3160 1787 3224 Ricardum

295 3247 525 3325 Bonoheveler,
554 3252 589 3311 eb
618 3247 776 3313 Thomem
805 3248 960 3333 Peydrae,
984 3250 1156 3335 juratores,
1186 3271 1283 3335 super
1310 3249 1457 3314 articulis
1486 3249 1536 3313 eis
1564 3247 1708 3313 liberetis
1732 3267 1791 3331 per

295 3334 478 3399 Johennem
503 3334 544 3398 de
560 3335 739 3421 Wengrsve
764 3340 845 3402 tuno
859 3338 1083 3402 vicecomitem
1108 3337 1297 3402 Hertfordie
1322 3342 1357 3401 et
1382 3334 1592 3420 Renulphum
1617 3336 1658 3400 de
1674 3334 1789 3399 Monte

296 3422 424 3500 Oenieo,
439 3423 497 3505 qui
512 3422 626 3487 dicunt
642 3444 738 3507 super
754 3429 991 3489 sacramentum
1006 3444 1102 3489 suum
1118 3425 1203 3508 quod
1216 3448 1270 3488 :-

339 3560 527 3625 Monetium
561 3561 602 3625 de
632 3562 764 3629 Hrocun
793 3569 924 3628 tenetur
953 3584 1010 3647 pro
1040 3564 1165 3629 duobus
1193 3566 1218 3630 f.
1248 3585 1293 3629 m.
1309 3566 1363 3629 i.c.
1380 3564 1422 3628 de
1445 3563 1576 3627 domino
1591 3583 1667 3646 rege
1688 3558 1790 3648 [qnod

297 3648 431 3733 quidem
459 3649 641 3712 manerium
661 3670 717 3713 rex
739 3649 832 3715 dedic
854 3650 981 3735 Rogero
1005 3650 1216 3738 Lestrenge],
1230 3651 1271 3715 de
1285 3651 1402 3735 quibus
1424 3650 1580 3714 Ricardus
1609 3649 1650 3713 de
1670 3648 1790 3712 Wclles

296 3738 390 3799 tenet
404 3735 445 3799 de
460 3736 606 3819 predicto
619 3738 762 3801 manerio
777 3737 821 3803 di.
837 3736 860 3801 f.
875 3743 910 3802 et
924 3737 1084 3803 Robertus
1098 3738 1140 3804 de
1154 3740 1187 3803 lc
1201 3739 1296 3803 Mcre
1311 3741 1403 3803 tenet
1425 3738 1466 3801 de
1481 3736 1625 3822 predicto
1647 3736 1790 3800 manerio

296 3823 337 3887 de
352 3822 486 3902 Hicehe,
501 3824 537 3886 in
554 3823 740 3905 Orrmrn,
757 3824 846 3889 eliud
862 3825 907 3892 di.
924 3826 948 3890 f.

339 3960 526 4025 Menenium
553 3961 593 4025 de
619 3961 777 4029 Drunenr
803 3962 997 4029 Fnsurvsnn
1019 3960 1237 4050 [Dnrursnrr
1261 3958 1467 4047 Fonurvsnn]
1488 3964 1619 4025 teneto
1632 3980 1689 4044 pro
1703 3960 1749 4024 di.
1765 3960 1789 4022 f.

296 4047 543 4201 (ffiiffiidem
572 4050 751 4126 manerium
781 4050 966 4114 Willelmus
995 4050 1036 4115 de
1065 4050 1172 4115 Hurst
1202 4055 1293 4115 tenet
1320 4050 1361 4113 de
1391 4048 1561 4114 heredibus
1590 4046 1726 4111 Gererdi
1748 4046 1790 4110 de

341 4271 503 4336 Gercrdus
532 4271 573 4335 de
599 4270 764 4357 Breybrok
792 4277 882 4339 tenet
907 4275 942 4338 in
967 4275 1204 4342 Rmuounwrr
1225 4269 1535 4361 [Rsruuonnnwrr]
1556 4292 1613 4336 un.
1641 4274 1747 4354 quart.
1763 4268 1788 4335 f.

297 4360 337 4424 de
351 4358 493 4445 Hugonc
508 4359 549 4423 de
565 4358 809 4445 Oddingeseles.

340 4497 577 4561 Tenemenbum
591 4496 752 4579 quendem
767 4496 926 4562 Johunnie
952 4498 1062 4562 Fouoe
1081 4500 1116 4561 in
1141 4499 1368 4565 Irnnmuronn
1383 4500 1517 4560 tenetur
1532 4494 1668 4579 proelio
1683 4498 1789 4578 qnsrb.

296 4587 319 4649 f.
335 4585 376 4648 de
391 4583 506 4648 eodem
521 4582 660 4668 Hugone
682 4584 724 4649 de
746 4584 1014 4671 Oddinggeseles,
1028 4586 1115 4669 quod
1137 4587 1269 4670 quidem
1283 4588 1509 4649 tenementum
1524 4581 1689 4647 Johcnnee
1703 4580 1792 4643 filius

296 4671 436 4737 Simonis
451 4691 537 4735 nunc
553 4674 655 4737 tenet.

339 4808 438 4894 Hugo
451 4806 491 4871 de
507 4805 759 4894 Oddinggeseles
780 4806 1071 4896 [Doddyngeseles]
1092 4814 1185 4875 tenet
1206 4829 1262 4876 un.
1279 4810 1325 4875 di.
1342 4809 1366 4875 f.
1382 4810 1417 4872 in
1433 4809 1588 4875 Prurour
1602 4806 1643 4870 de
1658 4804 1792 4869 domino

295 4917 380 4981 rege.

339 5036 361 5101 J
362 5034 506 5100 ohannes
530 5036 570 5099 dc
593 5032 735 5119 Olynton
761 5039 854 5099 tenet
880 5036 970 5101 eliud
993 5037 1038 5101 di.
1055 5035 1078 5101 f.
1095 5036 1131 5100 in
1146 5037 1311 5118 Pmoun,
1328 5040 1427 5100 etesi
1441 5033 1590 5098 Piribone
1604 5030 1790 5097 membrum

294 5124 436 5209 baronye
450 5124 491 5187 de
506 5122 659 5186 Holverle
681 5120 898 5209 [Helverlee].

296 5260 502 5413 Mffssmngd
520 5259 562 5409 dfe
592 5258 711 5325 Sancto
734 5258 933 5345 Leodegerio
959 5264 1051 5325 tenet
1077 5262 1113 5324 in
1137 5261 1313 5329 Orrrnsrn
1339 5261 1378 5325 de
1405 5258 1579 5323 Edmundo
1600 5258 1640 5321 de
1655 5255 1790 5321 Mortuo

396 5368 453 5414 nn.
492 5368 515 5415 1.
548 5396 556 5411 .

339 5484 439 5569 lingo
453 5484 483 5549 le
499 5482 602 5547 Blunt
616 5488 708 5547 tenet
724 5484 759 5547 in
775 5482 1000 5551 Poruuuueun
1016 5484 1056 5549 de
1071 5484 1212 5549 Roberto
1226 5484 1267 5549 de
1282 5486 1315 5549 le
1331 5485 1422 5549 Mare
1436 5502 1494 5547 un.
1510 5483 1555 5546 di.
1572 5481 1595 5546 f.
