4117 6200
886 648 967 715 Ab.
994 652 1088 715 1346.
1714 657 1754 722 61

298 869 347 934 De
373 870 528 936 Johanne
553 870 594 938 de
619 869 711 938 Bello
738 871 874 958 Campo,
899 869 968 935 filio
993 876 1028 936 ct
1052 871 1173 936 herede
1197 869 1238 935 de
1264 869 1402 938 Ceoillia
1426 870 1468 937 de
1497 870 1590 938 Bello
1617 870 1752 958 Campo,

251 965 383 1028 tenente
399 961 500 1027 unius
522 961 626 1046 partis
642 962 780 1028 manerii
796 962 838 1027 de
855 961 1135 1026 STOURMYNsar
1154 961 1358 1039 Messenen,
1373 983 1433 1048 pro
1449 961 1644 1028 duodecima
1658 971 1754 1048 parte

251 1071 306 1116 un.
322 1049 346 1116 f.
363 1073 405 1116 m.
422 1072 485 1139 pro
499 1072 566 1136 qua
583 1051 658 1120 lecit
671 1052 840 1128 relevium,
855 1049 941 1120 sicut
956 1051 1146 1119 continetur
1160 1052 1197 1117 in
1212 1051 1303 1119 dicto
1319 1051 1428 1118 rotulo
1444 1053 1485 1120 de
1501 1050 1634 1227 rellilfil
1653 1049 1749 1227 ὠά

702 1356 937 1424 Huununnuu
954 1359 1031 1440 (nn)
1054 1355 1309 1422 PYDEL'l'ON.

297 1502 347 1567 De
371 1501 516 1568 Roberto
537 1501 607 1568 filio
630 1506 664 1568 et
695 1500 815 1566 herede
838 1499 993 1566 Nicholai
1017 1500 1156 1586 Martyn
1178 1521 1238 1586 pro
1263 1498 1305 1564 di.
1331 1499 1354 1563 f.
1381 1499 1416 1562 in
1440 1498 1691 1577 Wsmsasrou,
1714 1501 1756 1564 de

255 1590 311 1656 illo
333 1591 430 1658 feodo
453 1591 592 1679 integro,
616 1613 676 1679 pro
699 1613 764 1678 quo
780 1590 859 1656 fecit
872 1591 1033 1656 relevium
1055 1611 1161 1666 snum,
1177 1590 1263 1654 sicut
1277 1589 1468 1654 continetur
1491 1589 1632 1654 indicto
1647 1590 1757 1656 rotulo

254 1681 295 1746 de
318 1681 457 1760 releviis,
479 1689 514 1748 et
535 1705 603 1747 non
626 1681 701 1769 plus
724 1681 786 1758 hic,
809 1681 888 1767 quia
909 1681 1111 1766 respondent
1134 1680 1175 1744 de
1197 1679 1263 1743 alio
1297 1677 1342 1743 di.
1367 1678 1388 1744 f.
1411 1678 1475 1743 sub
1497 1679 1629 1744 nomine
1652 1680 1756 1765 ipsius

254 1770 392 1838 Roberti
406 1794 514 1860 supra,
530 1773 566 1837 in
582 1771 696 1838 eadem
713 1771 801 1846 ville,
818 1771 853 1834 in
868 1769 1044 1836 hundredo
1059 1770 1101 1834 de
1116 1769 1283 1854 Pydelton
1309 1808 1322 1818 -
1458 1805 1472 1816 -
1608 1805 1620 1818 ·
1666 1791 1721 1835 xx.
1731 1792 1756 1836 s.

881 2021 936 2065 un.
952 1999 973 2064 f.
988 2022 1030 2064 m.
1046 1999 1176 2086 integri.

480 2091 698 2158 Denariorum
796 2126 811 2140 ·
943 2124 960 2140 ·
1096 2126 1108 2139 ·
1243 2127 1256 2140 ·
1390 2123 1405 2139 ·
1450 2087 1533 2174 lxiij.
1543 2109 1566 2153 e.
1582 2087 1651 2174 viij.
1662 2086 1694 2155 d.
1710 2103 1757 2177 qe

301 2001 325 2068 S
441 1911 666 2178 {Feodorum
758 1947 770 1956 ··
811 1909 835 1996 j.
853 1909 876 1974 f.
902 1915 936 1975 et
951 1909 994 1973 di.
1022 1909 1096 1994 xijo.
1122 1930 1198 1996 pere
1221 1913 1256 1974 et
1279 1909 1362 1993 xvje.
1387 1929 1463 1994 {rara
1486 1907 1625 1993 septime
1649 1908 1755 1994 partis

328 2021 437 2068 umma

666 2330 900 2432 Huunusnuu
916 2327 991 2412 (nn)
1015 2325 1152 2392 SElNT
1176 2324 1341 2392 GEORG.

302 2471 353 2539 De
377 2474 522 2540 Roberto
544 2471 614 2537 filio
630 2477 665 2538 et
686 2472 808 2538 herede
831 2467 986 2538 Nieholai
1002 2468 1142 2556 Martyn
1157 2490 1217 2554 pro
1240 2487 1295 2532 un.
1319 2487 1424 2552 parvo
1447 2469 1471 2532 f.
1487 2469 1528 2534 de
1544 2468 1698 2554 Morteyn
1722 2471 1758 2534 in

260 2563 441 2630 hemelecto
455 2563 497 2628 de
515 2563 753 2639 Pousvrvsrorv,
775 2583 835 2649 pro
857 2583 922 2646 quo
945 2559 1099 2625 similiter
1113 2559 1194 2625 fecit
1216 2556 1386 2635 relevium,
1410 2557 1496 2624 sicut
1518 2558 1708 2624 continetur
1723 2560 1759 2624 in

258 2653 345 2720 dicto
360 2653 470 2720 rotulo
486 2651 526 2717 de
543 2651 675 2717 releviis
831 2689 843 2700 ·
994 2687 1007 2700 ·
1143 2688 1155 2700 ·
1291 2684 1303 2696 ·
1443 2687 1456 2698 -
1500 2648 1592 2734 xxvj.
1601 2670 1625 2714 a.
1642 2648 1713 2734 viij.
1725 2648 1760 2715 d.

302 2764 667 2947 811ΠΜἱΡεοάοιῙιιιη
798 2801 812 2816 ·
945 2801 958 2814 ·
1107 2799 1113 2812 ·
1248 2799 1262 2813 ·
1303 2764 1327 2850 j.
1344 2765 1364 2829 f.
1380 2783 1521 2850 parvum
1537 2764 1758 2869 (¹⁶.M⁰rl.0.l'¹¹·

484 2857 704 2924 Denarrorum
745 2890 1459 2906 ······
1504 2876 1622 2941 xva.e
1646 2853 1757 2942 v11J.d.

845 2993 1051 3080 integrorum
1128 3030 1140 3041 -
1187 2991 1273 3058 cxix.
1290 2998 1324 3058 ct
1338 2993 1382 3059 di.
1399 2994 1421 3058 f.
1438 2999 1558 3080 quarta
1573 3016 1649 3080 pars
1664 3000 1761 3061 sexta

615 3129 799 3197 Feodorum
889 3106 966 3171 pars
982 3088 1016 3150 ‘ll
1031 3083 1283 3187 (luadfflgffsimst
1298 3105 1373 3170 pars
1389 3084 1410 3150 f.
1426 3107 1468 3173 m.
1485 3084 1594 3149 minus
1610 3109 1641 3150 x.
1652 3083 1683 3149 d.

803 3124 1023 3346 iporvorum
1114 3210 1129 3223 ·
1145 3196 1201 3259 er.
1220 3174 1242 3239 f.
1261 3178 1295 3240 et
1310 3180 1430 3261 quarta
1444 3195 1520 3261 pere
1535 3196 1590 3240 un.
1606 3176 1630 3240 f.
1652 3197 1694 3239 m.
1717 3176 1759 3240 de

890 3263 1055 3351 Morteyn.

173 3242 181 3253 '
302 3242 440 3307 Summa
456 3156 610 3418 totalis{

614 3355 832 3420 Denariorum
952 3389 967 3403 ·
1103 3390 1115 3403 ·
1251 3389 1266 3403 ·
1399 3352 1552 3421 ·ccxlix.
1564 3352 1601 3421 li.
1617 3354 1664 3441 xj.
1674 3378 1697 3422 e.
1714 3370 1760 3441 q⁸.

879 3860 978 3930 Μ).
1003 3863 1118 3931 1428.

303 4027 468 4094 Particnle
491 4028 634 4113 compoti
667 4026 820 4093 Nicholai
852 4026 1012 4113 Latymer
1036 4032 1071 4093 et
1094 4028 1255 4093 sociorum
1283 4048 1419 4093 suorum
1443 4030 1666 4118 predictorum
1697 4040 1760 4119 (see

256 4164 286 4229 p.
304 4146 372 4226 82),
388 4141 599 4209 collectorum
615 4140 696 4208 dicti
720 4140 860 4206 subsidii
884 4142 925 4227 vj.
936 4164 959 4206 s.
984 4140 1054 4227 viij.
1064 4140 1096 4207 d.
1119 4142 1161 4206 de
1176 4141 1324 4228 quolibet
1348 4143 1448 4210 feodo
1470 4146 1597 4223 militis,
1613 4150 1760 4236 exceptis

260 4256 476 4344 preexceptis,
505 4258 637 4344 prelato
663 4257 733 4343 regi
766 4256 911 4323 Henrico
948 4262 1044 4323 sexto
1074 4257 1110 4321 in
1139 4257 1288 4344 predicto
1319 4258 1536 4345 parliamento
1573 4284 1633 4327 suo
1670 4265 1760 4350 apud

261 4371 592 4438 westmonasterium
608 4372 643 4435 in
660 4370 811 4458 predicta
826 4372 996 4459 quindena
1020 4372 1136 4437 Sancti
1152 4371 1332 4449 Michaelis,
1346 4395 1435 4439 anno
1461 4376 1555 4461 regni
1579 4376 1632 4441 sui
1656 4383 1760 4456 sexto,

259 4488 295 4552 in
309 4487 471 4554 comitatu
486 4486 626 4553 Dorsete
640 4486 784 4553 concessi
800 4507 859 4573 per
874 4484 975 4552 breve
1004 4485 1084 4550 dicti
1100 4483 1186 4570 regn's
1211 4484 1252 4551 de
1267 4505 1389 4573 magno
1412 4487 1522 4574 sigillo
1548 4510 1607 4555 suo
1633 4496 1759 4578 patens,

257 4602 376 4668 datum
391 4602 463 4690 vjl⁰.
479 4601 533 4668 die
548 4601 675 4688 Aprilis
689 4601 803 4668 eodem
819 4623 907 4667 anno
934 4605 1039 4679 sexto,
1053 4599 1193 4688 prefatis
1208 4600 1438 4668 collectoribus
1453 4603 1531 4669 inde
1547 4605 1710 4675 directum
1725 4614 1761 4679 et

259 4738 360 4805 penes
374 4717 435 4783 has
449 4717 630 4804 particulas
645 4738 830 4795 remanens,
846 4716 1001 4784 videlicet
1015 4717 1057 4783 de
1072 4715 1262 4804 huJuemodi
1278 4716 1435 4796 subsidio,
1450 4723 1490 4785 ut
1505 4718 1602 4787 infra

680 4961 917 5029 Huvnannum
930 4978 977 5029 nn
1000 4962 1327 5032 ORAMBOURNE.

304 5128 355 5195 De
380 5128 532 5207 Ricardo,
556 5132 638 5197 duce
663 5130 813 5209 Eboraci,
839 5152 899 5217 pro
919 5132 945 5215 j.
961 5131 982 5197 f.
998 5154 1040 5196 m.
1056 5138 1091 5198 et
1117 5133 1160 5198 di.
1187 5133 1222 5198 in
1245 5133 1411 5201 Thasum
1435 5137 1676 5218 ΟοσΝυΕνΙιι,
1698 5166 1762 5230 que

260 5218 457 5285 Elizabetha
471 5220 512 5285 de
528 5219 641 5308 Burgo
656 5222 822 5307 quondam
839 5221 959 5297 tenuit,
985 5221 1087 5287 nichil
1103 5222 1304 5309 respondent
1318 5224 1381 5303 hic,
1397 5248 1436 5293 eo
1450 5230 1539 5315 quod
1559 5230 1649 5298 dieta
1663 5232 1762 5299 feoda

257 5308 349 5377 etdi.
366 5309 498 5375 suntin
514 5332 614 5375 menu
630 5312 716 5397 regis
739 5310 907 5377 occasione
922 5310 1060 5377 minoris
1075 5314 1175 5378 etatis
1190 5314 1338 5397 ejusdem
1353 5315 1447 5383 ducis
1579 5355 1594 5368 -
1639 5319 1759 5387 Nichil.

301 5427 352 5493 De
368 5423 548 5491 heredibus
563 5424 585 5489 J
586 5424 726 5490 ohannis
743 5426 956 5492 Mautravers
972 5446 1031 5511 pro
1054 5425 1098 5490 di.
1114 5426 1134 5492 f.
1151 5426 1187 5491 in
1203 5426 1471 5506 chusuvrorv,
1487 5433 1575 5516 quod
1590 5432 1762 5499 Johannes

259 5517 470 5583 hlautravers
486 5512 650 5599 quondam
666 5516 777 5585 tonuit
912 5548 1517 5570 ·····
1563 5520 1645 5605 iij.a.
1657 5520 1716 5606 iiij.
1728 5523 1762 5591 d.
