4117 6200
300 583 365 648 280
895 585 1202 662 GLOUOESTER.

341 873 481 940 Thomas
495 877 535 940 de
549 876 700 944 Gardinis
715 881 806 944 benet
821 881 969 964 quartam
985 831 1112 964 parbem
1127 899 1184 945 uo.
1201 879 1225 946 f.
1241 879 1278 944 in
1293 879 1406 944 eadem
1420 879 1509 946 villa.

344 1011 483 1077 Thomas
498 1014 539 1078 do
552 1013 730 1098 Borkeleye
743 1020 835 1080 tenet
849 1016 894 1081 di.
910 1015 933 1082 f.
950 1037 995 1082 m.
1012 1018 1048 1081 in
1066 1017 1165 1086 Sana.
1218 1014 1282 1104 [De
1297 1018 1422 1082 Thoma
1443 1017 1484 1081 de
1508 1015 1635 1095 Beroia,
1660 1020 1793 1080 tenente

299 1100 468 1178 terrarum,
483 1122 543 1185 que
557 1102 691 1168 suerunt
705 1103 837 1170 Roberti
852 1103 959 1187 Bailly
972 1125 1031 1188 pro
1045 1105 1090 1175 di.
1107 1104 1130 1170 f.
1147 1125 1192 1178 m,
1209 1107 1244 1168 in
1263 1105 1351 1174 Sina
1478 1144 1490 1158 ·
1623 1101 1786 1190 ναι]

342 1236 505 1303 Johannes
520 1240 677 1304 Louhaud
699 1238 881 1328 [Lohaud]‚
897 1247 932 1306 et
945 1247 1093 1307 tenentes
1108 1243 1160 1307 sui
1182 1247 1297 1308 tenent
1320 1263 1376 1308 un.
1392 1243 1416 1308 f.
1434 1263 1478 1309 m.
1494 1244 1529 1306 in
1554 1242 1792 1310 Comassouarsa

299 1318 431 1403 bisara,
455 1324 570 1412 [berrao
584 1333 618 1396 eb
632 1333 832 1406 tenemento,
845 1350 907 1414 que
922 1330 1053 1395 fuerunt
1067 1331 1205 1404 Walteri
1223 1328 1383 1417 Lobaud.]

348 1457 413 1545 [De
428 1461 534 1544 priore
550 1462 707 1544 Lanbone,
722 1469 858 1529 tenente
873 1467 1033 1529 terrarum
1048 1469 1082 1530 eb
1098 1469 1356 1530 tenementorum
1371 1485 1434 1548 que
1441 1463 1575 1529 fuerunt
1585 1463 1606 1528 J
1607 1463 1740 1529 ohannis
1751 1462 1792 1526 do

297 1545 439 1627 Morton,
453 1554 488 1617 ot
503 1549 693 1620 Elisabehhe
708 1552 815 1621 uxoris
829 1551 911 1637 ejus,
927 1573 984 1638 pro
999 1573 1045 1618 ιιιι
1060 1552 1083 1621 f.
1098 1574 1144 1624 m.
1161 1554 1196 1618 in
1211 1553 1325 1618 eadam
1340 1553 1419 1618 villa
1489 1592 1501 1607 -
1633 1591 1645 1606 ·
1689 1546 1786 1635 xl.s.]

342 1685 455 1752 Comes
469 1687 631 1774 Warwyk,
647 1693 683 1754 eb
696 1694 843 1756 tenentes
859 1691 919 1762 sui,
936 1696 971 1756 et
985 1712 1092 1756 eomes
1106 1690 1331 1771 Lanoastr(ie),
1346 1697 1380 1755 ei
1396 1693 1546 1755 tenentes
1560 1693 1717 1753 terrarum
1731 1709 1793 1774 que

297 1773 427 1838 suerunt
453 1775 604 1861 Hugonis
629 1778 661 1841 le
683 1778 877 1862 Despenoer,
891 1784 927 1843 et
950 1779 1108 1843 Rioardus
1130 1777 1238 1865 [heras
1262 1775 1410 1865 Rioardi]
1429 1779 1470 1841 do
1486 1777 1660 1857 Auneford,
1677 1783 1792 1850 tenent

296 1881 352 1927 un.
369 1861 393 1927 f.
409 1862 444 1926 in
461 1864 728 1945 Cnaooawoarn,
754 1866 849 1947 (unda
864 1865 955 1930 heres
969 1866 1108 1950 predioii
1124 1867 1255 1934 Ricardi
1269 1868 1371 1934 solum
1389 1866 1538 1949 quintam
1552 1871 1703 1949 partem.)

608 2203 844 2293 [Romaanus
867 2229 910 2274 bs
933 2204 1482 2293 BRIGHTWOLDESBERGH]

338 2386 437 2467 Item,
451 2391 536 2474 quod
551 2391 712 2457 Henrious
727 2394 767 2457 de
781 2393 994 2473 Lanoasbrfia)
1015 2397 1106 2458 tenet
1121 2414 1177 2458 un.
1194 2393 1218 2458 f.
1235 2413 1279 2458 m.
1303 2389 1351 2480 [et
1366 2391 1428 2480 di]
1450 2394 1485 2456 in
1507 2393 1765 2459 Kosmasaom.

337 2528 437 2613 Hugo
452 2529 484 2594 le
499 2529 673 2614 Desponser
687 2536 778 2595 tenet
792 2553 848 2598 un.
864 2529 888 2598 f.
905 2537 940 2598 eb
954 2532 999 2597 di.
1016 2533 1052 2595 in
1067 2531 1255 2598 Farnroao.

344 2661 407 2750 [De
422 2666 571 2750 episeopo
585 2666 811 2751 Wygorniensi
826 2689 883 2753 pro
899 2689 953 2733 uu.
970 2668 993 2734 f.
1010 2673 1044 2733 eb
1059 2669 1104 2734 di.
1121 2690 1166 2734 m.
1183 2669 1216 2732 in
1234 2669 1392 2735 Braaoar
1480 2707 1492 2720 ·
1626 2707 1638 2718 -
1682 2665 1783 2754 lx.s.]

338 2797 503 2865 Johannes
529 2801 615 2887 Grey
630 2807 719 2869 tenet
743 2824 798 2876 un.
815 2805 838 2869 f.
854 2825 899 2871 m.
915 2805 950 2866 in
978 2805 1163 2872 Sournaor.
1216 2801 1281 2890 [Do
1306 2801 1455 2868 Johanne
1480 2802 1521 2868 de
1544 2802 1644 2886 Grey,
1659 2806 1791 2880 tenente

295 2892 785 3042 ffirrsagffigggenemenborum
800 2912 863 2975 que
877 2891 1008 3030 fuerunt
1023 2892 1174 3030 thonis
1189 2889 1229 3030 cie
1244 2890 1363 3030 Sancto
1378 2891 1554 3030 Philberbo,
1566 2911 1624 2974 pro
1633 2890 1788 3063 ‘uoxffl

345 3109 524 3196 [Johannes
538 3111 593 3200 de]
615 3114 701 3179 Lech
717 3120 810 3180 tensi
824 3122 973 3201 quartam
988 3120 1115 3201 partem
1131 3135 1186 3181 un.
1203 3114 1226 3180 f.
1244 3136 1287 3180 m.
1311 3116 1345 3179 in
1372 3116 1524 3181 Assoron
1540 3119 1575 3177 eb
1590 3113 1788 3179 Twmmaa.

300 3195 364 3284 [De
379 3199 401 3262 J
402 3201 527 3264 ohanne
541 3201 583 3265 de
597 3202 731 3281 iaccho,
745 3209 877 3267 tenente
891 3208 1048 3267 terrarum
1063 3209 1097 3267 et
1112 3208 1383 3281 tenementorum,
1398 3222 1461 3286 que
1477 3203 1610 3265 fuerunt
1624 3198 1789 3284 Rodulphi

294 3292 334 3349 de
350 3286 483 3368 Iacche,
498 3309 556 3372 pro
569 3296 684 3372 quarta
697 3296 790 3374 parte
804 3311 860 3358 un.
876 3290 900 3356 f.
916 3292 950 3354 in
966 3292 1139 3359 Asshaoom
1155 3295 1190 3354 et
1206 3290 1373 3357 Twasma
1497 3323 1512 3337 ·
1644 3284 1784 3373 ·x.s.]

343 3421 408 3511 [De
433 3424 547 3489 abbate
575 3425 617 3491 de
642 3427 771 3506 Bruma,
794 3429 943 3493 Johanne
969 3428 1141 3513 Donopons
1170 3428 1368 3510 (Devorous)‚
1399 3430 1434 3491 eb
1464 3424 1589 3490 Thoma
1619 3423 1702 3503 Don,
1732 3445 1789 3508 pro

1485 3553 1496 3565 .
1629 3550 1640 3564 .
1684 3507 1785 3597 ιιι]

341 3646 406 3735 [Do
419 3650 582 3717 abbatissa
595 3653 637 3718 de
651 3654 771 3735 Lami,
785 3660 819 3720 et
833 3655 1021 3721 tenentibus
1035 3655 1112 3734 suis,
1127 3673 1185 3737 pro
1199 3652 1245 3717 di.
1262 3651 1287 3718 f.
1303 3673 1347 3717 m.
1363 3652 1399 3715 in
1414 3650 1599 3718 Harahsor
1615 3690 1626 3702 -
1672 3671 1725 3714 xx.
1738 3646 1782 3737 a]

293 3531 351 3578 un.
367 3511 390 3576 f.
406 3533 451 3577 m.
468 3513 503 3576 in
518 3514 693 3583 Esmmoon
707 3520 743 3581 eb
756 3517 1046 3586 Wmmasrnoar

336 3786 474 3852 Thomas
484 3790 524 3853 de
534 3791 709 3856 Bradeston
718 3797 808 3858 bonet
816 3795 965 3879 quintam
975 3798 1100 3880 partem
1112 3812 1167 3858 un.
1178 3789 1202 3858 f.
1213 3791 1249 3855 in
1264 3790 1507 3859 Bmmashaon
1525 3782 1783 3877 [Bmoasmoa]

294 3874 379 3959 qaod
394 3875 561 3943 Johannes
575 3880 675 3966 Pleoy
689 3882 798 3946 tenuit
810 3881 944 3948 ibidem.

336 4011 431 4079 Idem
455 4014 594 4082 Thomas
614 4021 708 4083 tenet
731 4022 881 4105 quirbam
902 4020 1028 4104 parbem
1055 4038 1111 4086 ιιιι.
1138 4018 1162 4085 f.
1189 4018 1226 4083 in
1248 4016 1361 4083 oedem
1386 4015 1475 4094 villa,
1500 4033 1599 4100 quam
1626 4010 1725 4097 Hugo
1756 4010 1786 4078 10

293 4100 473 4186 Despsnser
487 4105 598 4170 tenuit
611 4105 744 4174 ibidem.

317 4238 405 4393 {De
430 4244 535 4329 priore
559 4247 707 4313 Lentone
728 4247 825 4334 juxta
848 4246 1086 4313 Glouoesbriam
1111 4268 1168 4333 pro
1191 4248 1307 4333 quarta
1332 4247 1423 4333 parte
1445 4259 1502 4308 un.
1519 4240 1542 4317 f.
1559 4261 1603 4305 m.
1620 4240 1655 4303 in
1671 4238 1785 4413 ozdesn}

293 4350 326 4393 vr
352 4351 372 4394 a
485 4366 1766 4391 ...........

335 4468 437 4535 Heres
451 4470 607 4535 Jobannis
624 4473 685 4542 Sor
700 4479 792 4539 tenet
805 4493 861 4539 un.
877 4473 902 4538 f.
917 4495 963 4539 m.
979 4476 1015 4538 in
1031 4476 1244 4541 Ahoamrori.
1293 4468 1358 4558 [De
1384 4466 1554 4533 heredibus
1577 4463 1737 4530 Johannis
1753 4464 1785 4527 lo
1834 4554 1838 4563 .

294 4554 370 4619 Soer
384 4558 424 4621 de
440 4558 643 4645 Aldrynghon
657 4582 714 4645 pro
729 4582 785 4627 un.
802 4561 826 4627 f.
843 4583 888 4626 m.
905 4562 940 4625 in
955 4564 1206 4629 Asbamaion-
1341 4598 1353 4609 ·
1486 4594 1497 4607 ·
1630 4548 1784 4638 ·¹l·⁸·]

333 4693 473 4759 Thomas
488 4696 528 4760 de
543 4696 662 4761 Berton
676 4703 770 4763 tenet
783 4699 920 4763 terciam
934 4703 1062 4782 parbem
1077 4718 1132 4763 un.
1149 4697 1173 4762 f.
1189 4698 1225 4759 in
1247 4694 1391 4773 hircosis,
1412 4712 1511 4776 quam
1537 4688 1701 4754 Johannes
1721 4682 1783 4773 [la]

293 4784 405 4867 Bruyn
420 4785 528 4848 tenuit
541 4784 677 4850 ibidem.

337 4922 378 4984 In
406 4920 498 5003 cujus
527 4942 581 5005 rey
614 4923 681 5000 (sic)
714 4920 940 4985 testimonium
969 4918 1046 4982 haio
1076 4918 1283 5003 inquisicioni
1312 4916 1401 4981 diota
1418 4913 1579 4999 juratores
1599 4909 1711 4997 sigilla
1733 4930 1791 4973 sua

291 5014 522 5093 apposuerunt.
567 5008 691 5073 Datum
704 5009 759 5073 die
772 5014 809 5073 et
822 5028 908 5073 anno
922 5007 1129 5092 supradictis.

847 5316 1243 5330 ——-——=-·¹
