4117 6200
910 600 992 665 A.D.
1017 604 1113 666 1428.
1701 602 1763 663 193

303 890 445 956 Ecclesia
468 893 509 955 de
535 892 656 959 llsous
672 892 899 960 Honursuuou
924 897 1057 958 taxatur
1083 892 1125 958 ab
1148 894 1284 977 antiquo
1307 913 1359 963 xv.
1384 912 1517 959 marcas.
1563 889 1764 968 Subsidium,

255 1000 313 1043 xx.
327 999 354 1042 a.

304 1117 348 1181 El
362 1123 537 1182 onerantur
551 1138 644 1203 super
658 1123 845 1203 compotum
860 1119 901 1185 de
915 1120 951 1205 ij.
967 1140 994 1187 a.
1010 1120 1051 1185 de
1065 1120 1205 1204 quadam
1219 1120 1374 1204 poncione
1390 1140 1441 1184 xx.
1456 1138 1483 1182 a.
1498 1138 1596 1202 quam
1610 1118 1698 1201 prior
1722 1115 1763 1180 de

258 1205 405 1271 Pritwell
420 1206 560 1291 percipit
577 1207 612 1269 in
627 1208 739 1270 eadem
754 1208 897 1290 ecelesia,
915 1209 1071 1273 videlicet
1081 1210 1179 1295 juxta
1192 1208 1330 1272 formam
1344 1207 1570 1285 concessionis,
1583 1205 1643 1273 duc.

308 1345 453 1409 Ecclesia
465 1346 507 1411 de
523 1346 634 1413 Sonus
650 1347 777 1428 chucu
791 1352 925 1413 uratur
938 1348 981 1412 ab
995 1349 1131 1433 antiquo
1145 1367 1175 1412 x.
1192 1345 1228 1413 lc‘.
1275 1346 1475 1426 Subsidium,
1490 1366 1540 1409 xx.
1558 1365 1584 1411 c.

306 1483 452 1585 Ecclesia
465 1485 506 1548 dc
524 1485 713 1566 Sssuuwnu,
725 1506 801 1550 oum
815 1488 949 1571 capella,
965 1492 1095 1552 tanaim
1108 1487 1150 1551 ab
1164 1487 1299 1570 antiquo
1314 1487 1378 1571 xvj.
1394 1505 1530 1552 marcas.
1564 1482 1765 1562 Subsidium,

307 1711 351 1774 Et
366 1715 545 1775 onerantur
558 1731 654 1795 super
667 1714 855 1795 compotum
881 1712 920 1776 de
934 1712 969 1796 ij.
984 1732 1011 1776 a.
1037 1713 1105 1797 viij.
1120 1710 1154 1777 d.
1177 1712 1215 1775 de
1241 1711 1386 1776 subsidio
1411 1709 1578 1796 cujusdam
1603 1706 1765 1792 porcionis

264 1797 349 1882 xxvj.
372 1816 399 1860 a.
425 1798 495 1882 viij.
521 1796 554 1862 d.
578 1818 675 1883 quam
698 1798 797 1863 abbas
823 1798 862 1862 de
889 1799 1072 1865 Oolchestre
1098 1800 1236 1883 percipit
1261 1802 1295 1863 iu
1319 1799 1433 1863 eadem
1449 1798 1595 1877 ecclesia,
1611 1795 1765 1860 videlicet

260 1886 359 1969 juxta
373 1886 508 1949 formam
524 1886 744 1966 concessionis,
758 1884 816 1950 dcc.
892 1924 897 1934 ·

308 2020 453 2086 Ecclesia
466 2020 506 2086 de
522 2023 672 2090 Consonu
688 2026 820 2087 laxatur
835 2023 1027 2105 abantiquo
1041 2023 1147 2108 xxiiij.
1163 2042 1298 2087 marcas.
1343 2020 1545 2113 Subsidium,
1563 2018 1661 2104 xxxij.
1677 2038 1705 2082 a.

268 2157 455 2309 ”Ecdicium
468 2158 509 2222 de
523 2159 646 2225 Msous
660 2157 750 2225 Taua
765 2163 898 2225 baxatm
913 2160 954 2225 ab
967 2161 1103 2243 antiquo
1125 2180 1199 2227 xxv.
1214 2178 1348 2225 mmccs.
1394 2156 1594 2237 Subsidium,
1609 2156 1721 2239 xxxiii.
1736 2174 1764 2219 a.

265 2265 328 2330 mJ.

310 2383 456 2447 Ecclesia
469 2382 510 2447 de
524 2383 689 2451 Fonnnmr
706 2388 837 2449 laxatur
851 2385 891 2448 ab
905 2385 1042 2467 antiquo
1056 2383 1111 2469 xij.
1129 2402 1264 2451 marcas.
1311 2381 1511 2461 Subsidium,
1526 2380 1591 2465 xvj.
1607 2400 1633 2445 a.

311 2521 356 2584 El
381 2523 556 2586 onerantur
582 2541 679 2606 super
703 2526 890 2605 compotum
914 2519 956 2585 de
979 2541 1009 2585 v.
1026 2540 1053 2586 c.
1078 2519 1142 2605 iiij.
1159 2518 1192 2583 cl.
1217 2518 1258 2583 de
1284 2517 1410 2584 duabus
1432 2517 1639 2602 porcionibus
1661 2517 1724 2601 liij.
1740 2536 1767 2582 a.

269 2608 331 2692 iiij.
347 2607 381 2672 d.
396 2628 477 2692 quas
491 2609 613 2693 priores
628 2609 668 2672 de
684 2608 884 2693 Horlresleye
901 2614 937 2673 et
961 2607 1154 2674 Okebourne
1180 2606 1356 2692 separatim
1383 2605 1571 2691 percipiunt
1593 2607 1628 2668 iu
1655 2605 1768 2669 eudem

269 2695 403 2760 ecclesia
418 2696 574 2761 videlicet
582 2697 682 2780 juxta
696 2697 847 2775 formam,
862 2695 921 2760 dcc.

293 2836 523 2987 .E⁰⁰¹i.⁸.i²dd⁰
546 2838 661 2904 Buces
686 2858 728 2901 sn
754 2836 900 2903 Mousuu
923 2840 1056 2901 taxatur
1078 2837 1119 2900 ab
1142 2836 1277 2919 antiquo
1300 2834 1371 2918 viij.
1388 2854 1521 2900 marcas.
1569 2832 1769 2914 Subsidium,

270 2943 313 3007 η.
328 2943 354 2989 s.
371 2944 442 3009 πῃ.
481 2971 489 2989 .

296 3059 454 3212 ..afilem
475 3059 517 3125 de
541 3060 652 3128 Cocus
676 3061 766 3126 Anas
792 3063 924 3125 laxatur
945 3058 985 3126 ab
1010 3058 1146 3144 aniiquo
1167 3058 1235 3143 viij.
1264 3076 1399 3122 marcas.
1445 3055 1648 3135 Subsidium,
1670 3056 1714 3143 vj.
1742 3077 1768 3122 s.

273 3167 342 3230 vnj.
383 3194 392 3211 .

314 3285 364 3348 De
388 3285 499 3368 aliquo
525 3282 671 3349 subsidio
695 3284 905 3365 proveniente
928 3284 968 3349 de
998 3284 1138 3367 quadam
1167 3281 1325 3368 poncione
1352 3281 1412 3366 xij.
1437 3302 1463 3345 s.
1487 3299 1585 3365 quam
1614 3283 1701 3363 prior
1730 3282 1771 3345 do

274 3372 382 3436 Leues
396 3373 538 3458 percipit
551 3375 586 3436 in
602 3370 716 3435 eadem
731 3373 865 3437 ecclesia
878 3391 944 3436 non
960 3371 1168 3455 respondent,
1183 3390 1222 3434 eo
1236 3370 1322 3454 quod
1335 3371 1463 3434 baxamo
1478 3368 1623 3452 ejusdem
1638 3369 1772 3434 eeclesia

276 3480 349 3523 cum
363 3460 520 3544 pensione
535 3459 683 3544 predicta
695 3478 762 3524 non
778 3459 928 3524 extendit
942 3460 982 3524 ad
998 3478 1156 3522 summam
1172 3480 1202 3526 x.
1220 3477 1410 3522 marcmum.

315 3597 458 3662 Ecclesia
472 3597 513 3661 de
527 3598 720 3674 stuuuoo
737 3602 868 3661 taxatur
882 3595 923 3661 de
938 3616 1021 3660 novo
1036 3595 1093 3680 vij.
1111 3616 1243 3661 marcas.
1288 3593 1488 3676 Subsidium,
1504 3594 1546 3680 vj.
1564 3613 1590 3658 a.
1608 3592 1676 3678 viij.
1693 3591 1726 3657 d.

796 3732 968 3797 Porciones
982 3733 1046 3816 xvj.
1063 3754 1089 3798 s.
1105 3731 1154 3817 iij.
1173 3731 1206 3797 cl.

794 3870 975 3935 Penciones
989 3871 1040 3956 iij.
1057 3891 1083 3937 s.
1101 3870 1163 3955 iiij.
1181 3867 1214 3936 d.

317 4008 451 4073 Summa
486 4008 708 4094 parochiarum
744 4029 776 4073 x.
815 4025 936 4071 marcas
972 4013 1005 4070 et
1044 4007 1131 4070 ultra
1167 4005 1262 4090 covij.
1298 4004 1336 4072 li.
1375 4005 1446 4090 viij.
1487 4003 1521 4071 d.
1588 4004 1675 4068 Ibem
1713 4005 1771 4092 vij.

276 4097 421 4178 parochie
436 4096 530 4162 iufra.

709 4232 844 4296 Summa
858 4231 996 4297 subsidii
1010 4229 1113 4314 xxiiij.
1131 4227 1170 4294 li.
1187 4227 1251 4314 xvj.
1269 4229 1303 4296 d.

711 4370 846 4436 Summa
861 4369 1062 4453 supercurris
1077 4368 1142 4432 xix.
1159 4386 1185 4433 s.
1203 4366 1258 4451 vij.
1275 4365 1309 4432 d.

761 4684 982 4751 Huuunsouu
1005 4702 1049 4747 aa
1071 4678 1298 4748 BERKYNG.

283 4878 464 5030 ...ssffloeia
477 4877 518 4940 de
533 4876 790 4944 chncouscown
805 4877 938 4938 taxatur
951 4871 992 4936 ab
1002 4871 1139 4954 antiquo
1149 4889 1221 4933 xxv.
1234 4885 1367 4932 marcas.
1413 4862 1612 4946 Subsidium,
1624 4869 1735 4954 xxxiij.
1749 4890 1776 4935 a.

280 4986 341 5049 nrJ.
384 5017 392 5031 .

323 5102 469 5167 Ecclesia
482 5101 524 5164 de
540 5100 678 5165 Lnruou
693 5101 825 5163 uratur
839 5098 881 5163 ab
895 5097 1032 5179 antiquo
1046 5093 1115 5178 viij.
1131 5059 1269 5156 marcas.
1316 5088 1516 5169 Subsidium,
1532 5087 1575 5171 vj.
1591 5108 1617 5154 a.
1633 5089 1703 5174 viij.
1721 5089 1755 5158 d.

323 5239 466 5304 Ecclesia
480 5237 521 5302 de
536 5237 697 5302 Benacus
711 5239 841 5299 laxatur
855 5235 897 5298 ab
911 5233 1046 5315 antiquo
1061 5231 1083 5295 l.
1100 5247 1232 5292 marcas.
1279 5223 1479 5302 Subsidium,
1495 5241 1526 5289 v.
1543 5241 1677 5287 marcas.

325 5378 454 5443 Vicaria
468 5377 510 5441 de
525 5370 800 5461 Nouissume]
821 5381 953 5436 taxatur
968 5369 1009 5433 ab
1023 5369 1158 5451 antiquo
1172 5384 1200 5428 c.
1216 5382 1243 5428 a.
1291 5359 1490 5434 Subsidium,
1504 5357 1548 5441 vj.
1564 5376 1591 5422 a.
1608 5358 1678 5441 viij.
1696 5357 1730 5424 cl.

324 5516 469 5580 Ecclesia
483 5512 523 5578 de
537 5514 708 5581 Wsssrssu
724 5515 854 5576 matur
868 5508 909 5574 ab
923 5507 1059 5591 antiqno
1073 5504 1137 5568 xlv.
1155 5517 1288 5564 marcas.
1334 5491 1534 5570 Subsidium,
1550 5492 1593 5556 lx.
1613 5511 1639 5556 a.

362 5654 452 5705 mars.
1693 5627 1716 5679 N
