4117 6200
319 616 360 675 82
962 607 1143 676 DORSET

316 825 540 911 recipiendum
549 825 697 890 diversas
707 824 921 913 pecuniarum
936 846 1082 891 summas
1091 826 1199 892 eidem
1215 825 1350 891 domino
1365 830 1468 913 rege(
1493 822 1500 837 '
1519 827 1533 908 )
1548 824 1584 888 in
1599 822 1818 911 parliamento

317 960 377 1003 suo
392 940 482 1027 apud
499 939 828 1006 westmonasterium
843 940 880 1005 in
902 940 1072 1026 quindena
1087 940 1203 1007 Sancti
1227 939 1399 1005 Michachs
1414 939 1535 1005 ultima
1549 939 1709 1025 preterita
1722 941 1818 1004 tento

316 1078 494 1132 consessas
509 1061 544 1120 et
558 1056 601 1121 ad
617 1054 853 1141 inquirendum
870 1056 910 1120 (16
926 1055 1080 1121 omnibus
1105 1060 1140 1121 et
1163 1055 1303 1143 singulis
1318 1054 1510 1120 hominibus
1525 1054 1647 1121 scisitis
1664 1053 1705 1120 de
1719 1051 1819 1119 terris

317 1176 351 1237 et
375 1170 573 1236 tenementis
598 1170 633 1234 in
657 1171 819 1235 comitatu
847 1170 992 1256 predicto
1016 1171 1053 1235 in
1078 1170 1243 1236 dominico
1267 1191 1327 1235 suo
1342 1174 1381 1234 ut
1395 1170 1437 1235 de
1453 1169 1548 1235 feodo
1571 1170 1771 1248 tenentibus,
1786 1174 1821 1235 ct

315 1304 379 1373 que
404 1292 491 1352 terre
519 1290 554 1351 et
577 1289 768 1351 tenemento.
791 1284 983 1351 immediate
1009 1290 1167 1351 tenentur
1182 1306 1243 1372 per
1258 1284 1425 1373 integrum
1442 1284 1577 1350 feodum
1592 1283 1709 1349 militis
1725 1285 1820 1351 etsie

311 1404 415 1491 juxta
429 1410 537 1466 rotam
553 1422 656 1485 usque
672 1399 715 1463 ad
732 1404 885 1485 quartam
901 1404 1032 1486 paitem
1047 1398 1070 1464 f.
1087 1421 1129 1463 m.
1145 1398 1316 1477 inclusive,
1332 1419 1392 1485 per
1406 1402 1658 1480 sacramentum,
1674 1400 1729 1467 &c

360 1774 441 1859 (Tho
458 1773 622 1861 fiodioys
647 1773 688 1859 of
704 1773 754 1839 116
772 1770 872 1840 obooc
890 1773 1125 1859 inquisitione
1151 1796 1211 1840 occ
1236 1768 1477 1861 iocoiporotcd
1502 1769 1546 1837 ia
1570 1766 1621 1835 ow
1640 1763 1819 1855 sorsyoioq

196 1926 201 1937 ·
314 1896 458 1957 occoaot
475 1890 564 1975 soll.)

361 2263 528 2331 Particule
550 2264 693 2352 compoti
719 2264 874 2332 Nicholai
899 2266 1080 2345 Latemere,
1096 2266 1255 2333 Willelmi
1271 2264 1498 2353 Tybbenham,
1513 2263 1535 2329 J
1536 2260 1676 2327 ohannis
1691 2258 1820 2324 llohun

314 2385 349 2445 et
364 2379 528 2445 Johannis
551 2378 770 2446 Oroukehom
796 2380 837 2447 de
865 2380 1041 2467 Childhay,
1056 2382 1268 2449 collectorum
1290 2386 1361 2447 tam
1386 2380 1560 2466 cujusdam
1583 2374 1724 2441 subsidii
1739 2373 1783 2459 vj.
1794 2394 1818 2437 s.

314 2494 383 2581 viij.
394 2494 425 2561 d.
461 2495 502 2560 (16
535 2496 631 2561 bonis
666 2496 844 2563 mobilibus
875 2498 1108 2564 universorum
1140 2497 1406 2563 inhabitoncium
1438 2494 1605 2560 domicilia
1627 2490 1820 2558 tenencium

313 2609 491 2697 cujuslibet
511 2611 665 2698 parochie
690 2610 781 2677 infra
804 2614 998 2679 comitatum
1015 2614 1157 2680 Dorsete
1174 2612 1253 2700 [sa
1268 2619 1301 2679 to
1317 2612 1369 2679 uo
1383 2633 1476 2679 same
1491 2609 1578 2697 effect
1593 2629 1633 2673 as
1647 2612 1682 2672 oi
1693 2628 1728 2692 p.
1755 2605 1820 2669 266

312 2725 353 2812 of
363 2724 415 2792 ite
421 2724 505 2810 first
519 2725 675 2812 colonas]

814 2943 1031 3011 Duolslsos
1053 2944 1329 3012 SHAFTONIE.

360 3103 505 3174 Ecclesia
521 3105 562 3173 (16
578 3105 816 3184 GJLLYNGHAM
831 3129 906 3174 cum
922 3109 1048 3199 capella
1063 3132 1203 3189 annexa,
1221 3110 1263 3176 ab
1279 3109 1417 3195 antiquo
1431 3113 1570 3267 taxatgr
1577 3106 1723 3262 laddimus.
1734 3102 1770 3259 ii.

1554 3215 1818 3262 ummmma

359 3311 505 3378 Ecclesia
520 3309 561 3377 (16
578 3309 716 3378 simos
731 3313 774 3378 ab
789 3313 925 3402 antiquo
941 3319 1081 3382 taxatur
1096 3315 1139 3380 ad
1155 3314 1201 3382 ix.
1217 3336 1345 3382 marcas
1401 3314 1594 3381 Subsidium
1610 3313 1653 3399 vj.
1665 3334 1689 3377 s.
1706 3310 1775 3396 viij.
1787 3307 1819 3374 d.

360 3427 507 3494 Ecclesia
522 3429 563 3493 de
581 3427 758 3494 KYNGTON
773 3430 972 3518 abantiquo
987 3437 1125 3499 taxatur
1139 3432 1182 3497 ad
1197 3432 1241 3496 ix.
1261 3453 1388 3497 marcos

610 3579 618 3594 .
1399 3519 1594 3586 Subsidium
1609 3517 1654 3605 vj.
1664 3540 1688 3583 s.
1705 3516 1774 3603 viij.
1786 3514 1819 3581 d.

362 3630 509 3701 Ecclesia
524 3631 565 3699 (16
582 3633 708 3701 F1s1nu
723 3634 767 3701 ab
782 3635 923 3723 antiquo
938 3641 1079 3704 taxatur
1093 3637 1137 3704 ad
1153 3637 1196 3726 vj.
1213 3659 1340 3704 maccus
1355 3636 1528 3704 dimidiam

1405 3725 1600 3792 Subsidium
1614 3724 1658 3811 vj.
1671 3746 1697 3790 s.
1712 3723 1772 3810 viij
1783 3721 1817 3788 d.

360 3838 478 3906 Porcio
500 3837 668 3906 abbatisse
683 3840 725 3908 de
741 3841 895 3909 Pratollis
912 3842 948 3908 in
965 3843 1101 3911 ecclesia
1116 3844 1157 3910 de
1173 3842 1325 3908 Wasmu
1340 3841 1384 3908 ad
1398 3841 1538 3928 antiquo
1553 3845 1690 3907 taxatur
1704 3839 1748 3905 ad
1762 3859 1787 3904 c
1797 3860 1822 3903 s.

1399 3931 1593 3999 Subsidium
1607 3930 1654 4016 vJ'.
1663 3952 1688 3996 a.
1704 3929 1774 4015 viij.
1786 3926 1819 3995 d.

362 4044 507 4114 Ecclesia
522 4047 563 4113 de
580 4047 800 4115 MaLLuBURY
815 4049 1008 4116 Aaaaulssa
1023 4050 1067 4116 ab
1082 4049 1221 4136 antiquo
1242 4054 1381 4116 taxatur
1395 4048 1438 4115 ad
1453 4049 1498 4114 im
1517 4068 1645 4114 mamas

1401 4139 1597 4206 Subsidium
1611 4137 1655 4223 vJ'.
1666 4159 1690 4203 s.
1706 4135 1776 4223 viij.
1788 4134 1821 4202 d.

361 4251 476 4320 Porcio
492 4253 628 4320 rectoris
644 4252 684 4320 de
700 4253 906 4346 Ludyngton
915 4257 951 4322 in
963 4255 1074 4324 eadem
1086 4255 1169 4344 lxiij.
1179 4277 1203 4322 s.
1219 4255 1265 4342 iij.
1278 4255 1310 4322 d.
1340 4254 1470 4342 [Nichil
1484 4252 1598 4321 added
1604 4251 1681 4319 aod
1691 4249 1821 4335 musali]

1412 4344 1604 4411 Subsidium
1619 4342 1664 4430 vJ'.
1673 4364 1697 4408 s.
1713 4341 1772 4428 iiij.
1785 4339 1819 4407 d.

361 4457 507 4524 Ecclesia
522 4458 563 4524 de
581 4457 750 4526 cosmos
767 4461 810 4526 ab
825 4461 964 4548 antiquo
980 4466 1119 4531 taxatur
1133 4459 1176 4527 ad
1191 4459 1248 4547 vij.
1265 4481 1393 4528 marcas

1405 4547 1599 4617 Subsidium
1614 4547 1658 4634 vj.
1668 4570 1692 4613 s.
1709 4547 1779 4633 viij.
1788 4544 1821 4612 d.

361 4663 480 4728 Pensio
501 4664 639 4731 rectoris
654 4665 695 4732 de
722 4665 927 4754 Ludyngton
948 4665 984 4730 in
1009 4667 1124 4732 eadem
1140 4665 1250 4740 {lxma
1332 4664 1378 4750 [N
1381 4663 1460 4731 ichil
1475 4661 1587 4729 added
1600 4660 1676 4728 aad
1691 4659 1821 4745 amad]

1519 4751 1712 4819 Subsidium
1727 4751 1784 4838 vij.
1796 4772 1821 4816 s.

363 4868 508 4934 Ecclesia
524 4869 563 4934 (16
580 4869 721 4935 Somou
737 4870 781 4936 ab
796 4870 936 4956 antiquo
953 4875 1093 4934 taxatur
1107 4869 1150 4935 ad
1165 4891 1191 4936 c.
1203 4893 1253 4936 a·
1344 4908 1358 4923 ·
1403 4868 1599 4936 Subsidium
1613 4868 1657 4955 vj.
1668 4889 1691 4933 s.
1707 4865 1777 4952 viij.
1788 4865 1822 4932 d.

363 4983 509 5050 Ecclesia
525 4983 564 5048 de
580 4983 820 5049 Eouuuausm
833 4982 878 5048 ab
893 4982 1034 5069 antiquo
1049 4988 1188 5050 taxatur
1202 4984 1246 5049 ad
1261 5005 1365 5051 xxxv.
1380 5005 1508 5049 mamas

1365 5073 1558 5140 Subsidium
1572 5071 1655 5158 xlvj.
1666 5094 1691 5138 s.
1707 5070 1776 5157 viij.
1788 5068 1821 5136 d.

364 5187 510 5254 Ecclesia
525 5187 566 5254 de
582 5187 888 5254 staususussau
904 5209 980 5254 cum
995 5189 1122 5276 capella
1137 5189 1180 5256 ab
1195 5189 1335 5277 antiquo
1350 5193 1488 5256 taxatur
1502 5187 1787 5344 odslxssdffiffi·
1796 5297 1821 5342 ⁸·

359 5393 474 5461 Porcio
489 5393 609 5480 prioris
624 5391 752 5464 Christi
769 5389 912 5462 Ecclesia
923 5395 959 5461 in
971 5392 1086 5460 eadem
1097 5417 1152 5460 ιιι(
1163 5419 1187 5463 s.
1236 5394 1284 5480 [N
1287 5393 1365 5462 ichil
1382 5391 1493 5460 added
1507 5392 1582 5548 ((πὲ
1594 5391 1726 5548 fficd]
1755 5481 1776 5498 ..

1572 5505 1594 5548 u
1683 5504 1738 5547 um
1753 5505 1822 5569 1J.a
