4117 6200
321 648 385 709 242
907 638 1215 707 GLOUOESTER.

363 936 543 998 Amaricius
578 931 774 1021 [americus]
817 932 856 996 de
893 930 1010 995 Sancto
1048 930 1194 994 Amaudo
1230 933 1320 994 tenet
1355 931 1390 992 in
1431 928 1649 996 Surucnuusv
1686 924 1814 1012 [Soura

323 1020 473 1107 carras]
495 1042 551 1085 un.
568 1023 590 1087 f.
609 1042 653 1085 m.
669 1021 709 1084 de
724 1022 843 1083 comite
858 1019 1060 1095 Herefordie‚
1075 1024 1109 1082 et
1122 1038 1228 1082 comes
1245 1018 1284 1080 de
1301 1037 1384 1100 rege.

363 1156 457 1220 Idem
472 1157 651 1220 Amaricius
673 1154 869 1242 [Amerinus]
890 1157 1029 1219 tenetis
1049 1154 1161 1218 eadem
1182 1154 1260 1219 villa
1286 1174 1385 1217 uuam
1411 1152 1531 1236 hydam
1558 1158 1653 1229 terre,
1667 1172 1729 1234 qus
1755 1151 1818 1213 fuit

321 1244 468 1307 Anselmi
487 1246 526 1307 de
550 1244 711 1306 Tudemor
731 1241 947 1329 [Tridemor]‚
964 1264 1026 1326 que
1052 1248 1182 1305 tenetur
1207 1242 1247 1304 de
1274 1242 1363 1305 dicto
1386 1242 1516 1318 comite,
1539 1244 1573 1304 et
1599 1239 1686 1302 idem
1712 1258 1817 1301 comes

325 1331 365 1394 de
381 1351 467 1417 rege,
483 1331 536 1394 sed
551 1351 615 1393 non
630 1330 668 1393 fit
684 1332 819 1409 mencio,
837 1329 908 1410 dcc„
925 1351 980 1413 per
994 1330 1080 1413 quod
1095 1330 1275 1393 servicium.

368 1467 530 1531 Johannes
545 1469 585 1529 de
603 1468 744 1550 Laugele
760 1472 855 1531 tenet
869 1468 903 1529 in
922 1468 1108 1534 Sorruorou
1130 1464 1352 1552 [Socruoros]
1376 1486 1428 1529 uu.
1446 1466 1467 1529 f.
1492 1486 1534 1529 m.
1552 1464 1592 1527 de
1616 1462 1762 1527 Galfrido
1777 1462 1818 1525 de

325 1555 484 1632 Genevill,
498 1561 532 1618 et
546 1556 634 1618 idem
650 1554 817 1618 Galfridus
833 1556 873 1618 de
888 1574 962 1638 rege
978 1555 1000 1619 i.
1017 1576 1045 1619 c.

367 1691 462 1753 Idem
492 1689 657 1754 Johannes
685 1694 776 1754 tenet
805 1711 905 1753 uuam
934 1688 1054 1774 hydam
1084 1695 1169 1753 terre
1199 1690 1239 1753 de
1269 1688 1363 1753 feodo
1395 1690 1525 1771 Astulfy
1555 1688 1585 1752 le
1616 1686 1748 1751 Musard
1779 1686 1818 1750 de

323 1778 500 1843 Artebeme
515 1799 570 1862 per
585 1779 758 1842 servicium
772 1778 817 1841 di.
833 1778 856 1840 f.
872 1800 916 1841 m.
931 1784 966 1842 et
981 1778 1068 1840 idem
1092 1776 1238 1839 Aetolius
1264 1777 1304 1840 de
1330 1776 1476 1840 Johanne
1501 1776 1644 1855 Musard,
1672 1782 1704 1838 et
1732 1774 1818 1837 idem

325 1864 490 1930 iohannes
505 1866 545 1929 de
559 1886 635 1951 rege
651 1886 707 1949 per
721 1866 895 1929 baroniam.

369 2003 520 2077 Matilda,
534 2024 597 2086 qne
622 2004 687 2066 fuit
715 2023 793 2065 uxor
817 2002 945 2065 Radnlfi
971 2002 1115 2081 Musard,
1139 2006 1229 2065 tenet
1253 2002 1286 2063 in
1317 2002 1478 2066 Sorrrvrou
1508 1998 1718 2087 [rinharos]
1740 1997 1820 2064 sti.

323 2094 418 2169 terre,
433 2091 564 2153 nomine
579 2090 674 2169 dotis,
688 2090 729 2153 de
744 2090 875 2153 baronia
888 2089 928 2151 de
945 2088 1062 2166 Forde,
1076 2090 1117 2153 de
1133 2088 1315 2152 hereditate
1330 2088 1488 2152 Johaunis
1514 2089 1647 2151 Musard
1672 2087 1731 2150 filri
1758 2089 1819 2166 sui,

325 2179 382 2261 qui
398 2183 449 2240 est
462 2179 548 2240 iufra
561 2182 693 2256 etatem,
708 2182 743 2241 et
757 2179 792 2239 in
806 2177 954 2239 custodia
969 2177 1067 2261 regis,
1080 2176 1148 2254 sed,
1163 2175 1222 2239 etc.

368 2314 528 2377 Robertus
552 2314 593 2378 de
618 2313 766 2377 Herniell
784 2317 877 2377 tenet
891 2315 926 2376 in
942 2314 1109 2378 Hsauuuu
1124 2318 1157 2376 et
1172 2314 1207 2376 iu
1224 2314 1412 2377 Hsususvn
1429 2313 1463 2396 ij.
1480 2313 1502 2377 f.
1520 2334 1563 2375 m.
1580 2311 1620 2375 de
1636 2313 1760 2395 Rogero
1779 2311 1819 2373 de

325 2402 562 2485 Toveneye‚et
585 2401 672 2464 idem
699 2402 842 2485 Rogems
868 2401 907 2463 de
930 2402 1070 2485 Hugone
1095 2402 1135 2464 de
1161 2402 1284 2464 Setinis
1306 2398 1472 2486 [Morinis]
1494 2407 1526 2463 et
1551 2401 1639 2463 idem
1667 2400 1766 2483 Hugo
1781 2398 1821 2462 de

326 2490 446 2553 comite
461 2488 661 2567 Hereiordie,
676 2494 710 2553 et
724 2489 813 2552 idem
829 2508 933 2551 comes
949 2488 989 2551 de
1004 2508 1091 2573 rege.

368 2624 490 2687 Alanus
519 2624 701 2688 Pluckenet
736 2622 942 2711 [Philkenet]
978 2628 1071 2688 tenet
1101 2624 1135 2686 iu
1168 2626 1356 2689 Hsuaunvn
1394 2624 1437 2687 di.
1469 2624 1492 2688 f.
1522 2644 1566 2687 m.
1596 2625 1637 2688 de
1673 2625 1820 2689 Johanne

325 2712 365 2774 de
380 2710 552 2790 Bathonia,
566 2718 601 2775 et
615 2712 702 2775 idem
717 2710 882 2775 Johannes
898 2712 937 2774 de
954 2709 1118 2793 Stephano
1134 2711 1163 2775 le
1179 2711 1268 2788 Bret,
1282 2718 1318 2774 et
1341 2712 1429 2773 idem
1445 2711 1629 2796 Stephanus
1645 2712 1686 2777 de
1702 2714 1820 2777 comite

327 2796 519 2876 Sarisburie‚
534 2803 569 2863 et
584 2819 690 2862 comes
705 2799 745 2861 de
760 2818 848 2882 rege.

369 2931 520 2997 Ensemia
544 2934 577 2997 le
599 2933 678 2997 Bret
698 2938 790 2997 tenet
813 2935 848 2997 in
864 2934 1053 2998 Haususrn
1069 2933 1113 2998 di.
1126 2932 1238 2997 hidam
1253 2938 1337 2997 terre
1353 2934 1392 2998 de
1409 2933 1574 3019 Stephano
1590 2936 1621 2999 le
1639 2935 1718 2999 Brut
1737 2935 1821 3016 (sic),

325 3039 383 3104 per
398 3021 568 3085 servicium
582 3022 706 3085 decime
717 3023 820 3106 partis
834 3042 889 3084 un.
905 3041 948 3085 m.
965 3026 1001 3085 et
1014 3021 1103 3084 idem
1120 3020 1304 3106 Stephanus
1319 3023 1358 3085 de
1373 3024 1492 3085 comite
1509 3022 1696 3087 Sarisburie.

369 3161 525 3224 Ricardus
561 3161 593 3224 le
621 3159 749 3244 Waleys
785 3166 878 3225 tenet
913 3162 949 3222 in
980 3163 1085 3228 Coras
1116 3181 1171 3226 ua.
1201 3162 1224 3226 f.
1256 3183 1301 3228 m.
1332 3162 1373 3226 de
1402 3163 1573 3228 heredibus
1602 3164 1641 3228 de
1671 3165 1821 3248 Pouneye

327 3247 695 3420 izaussiyddohiddffm
710 3249 842 3312 heredes
855 3249 896 3312 de
911 3249 1097 3314 Theobaldo
1112 3251 1152 3313 de
1164 3250 1307 3328 Verdan,
1322 3255 1356 3314 et
1373 3251 1460 3314 idem
1475 3251 1677 3316 Theobaldus
1692 3253 1731 3315 de
1746 3273 1821 3338 rege

369 3473 466 3556 Elyas
480 3471 614 3537 Ocherel
629 3473 793 3536 tenentia
810 3473 915 3540 Corne
930 3473 977 3539 di.
993 3475 1016 3536 f.
1033 3495 1077 3540 m.
1102 3474 1141 3538 de
1164 3475 1303 3538 Radnlfo
1327 3476 1443 3540 Russel
1477 3473 1651 3562 [Russell]‚
1677 3481 1712 3540 et
1735 3477 1821 3540 idem

328 3559 540 3711 ffibbifaudde
554 3557 726 3624 heredibus
741 3560 780 3623 de
795 3559 940 3623 Durham
961 3559 1177 3648 [Dureham],
1191 3567 1226 3626 et
1241 3563 1343 3626 iidem
1358 3563 1492 3627 heredes
1507 3565 1546 3626 de
1571 3585 1647 3670 rege
1674 3563 1696 3630 i.
1714 3585 1740 3627 c.
1767 3585 1823 3648 per

374 3783 534 3847 Walterus
548 3783 588 3847 de
604 3782 698 3847 Cotes
714 3789 804 3848 tenet
819 3784 853 3846 in
870 3784 975 3851 Corus
990 3805 1090 3848 unam
1104 3785 1224 3868 hydam
1239 3787 1379 3850 tartede
1395 3786 1559 3850 Willelmo
1575 3787 1614 3850 de
1629 3787 1661 3850 la
1676 3787 1750 3850 Sale
1765 3808 1822 3871 per

328 3872 497 3936 servicium
519 3872 663 3954 quinque
697 3869 842 3957 [quinte]
874 3873 977 3955 partis
1001 3892 1057 3936 un.
1092 3870 1146 3959 [t]
1177 3895 1220 3937 m.
1249 3878 1282 3938 et
1312 3875 1398 3937 idem
1423 3874 1606 3938 Willelmus
1631 3874 1673 3938 de
1702 3877 1822 3939 comite

330 3959 543 4037 Glaucesirie,
558 3963 593 4024 et
607 3978 714 4022 comes
729 3960 768 4022 de
783 3978 857 4044 rege
873 3979 929 4042 per
944 3958 1120 4024 baroniam.

371 4097 472 4162 Eleae
507 4096 549 4161 de
585 4096 723 4161 Bessord
752 4099 844 4159 tenet
873 4115 972 4159 unam
1008 4095 1180 4161 dimidiam
1217 4099 1336 4183 hydam
1374 4104 1459 4164 terre
1497 4100 1531 4162 in
1569 4097 1746 4164 hameletto
1782 4101 1823 4164 de

328 4187 541 4252 Taussaarav
556 4185 596 4247 de
612 4184 694 4247 dono
709 4181 867 4246 Johannis
882 4182 922 4246 de
938 4183 1071 4246 Solariis
1092 4183 1287 4272 [Molariis],
1303 4191 1338 4249 et
1352 4187 1439 4251 idem
1454 4185 1620 4251 iohannes
1634 4188 1675 4250 de
1693 4185 1823 4250 Solariis

335 4270 512 4359 [Molariis]
534 4271 573 4334 de
592 4271 731 4334 Waltero
746 4271 787 4334 de
803 4269 932 4332 Solariis
954 4268 1179 4356 [Molariis],e
1211 4275 1298 4338 idem
1313 4275 1477 4338 Walterue
1501 4274 1542 4336 de
1569 4273 1761 4338 Constancia
1784 4275 1824 4338 de

329 4362 428 4444 layo,
453 4364 488 4423 et
510 4361 581 4442 ipsa
605 4359 645 4422 de
670 4358 802 4422 domino
825 4356 988 4421 Willelmo
1014 4357 1055 4421 de
1080 4358 1112 4421 la
1135 4359 1235 4440 Mare,
1262 4367 1295 4424 et
1321 4361 1409 4424 idem
1438 4360 1621 4424 Willelmus
1643 4362 1681 4425 de
1703 4361 1822 4425 comite

329 4447 543 4526 Gloucestrie,
558 4465 617 4529 per
631 4446 803 4509 servicium
817 4443 941 4508 decime
955 4447 1057 4528 partis
1072 4465 1126 4510 uu.
1143 4467 1185 4509 m.
1202 4455 1236 4512 et
1250 4449 1318 4530 ipse
1334 4469 1438 4511 comes
1454 4449 1594 4533 detege.

372 4584 529 4649 Ricardns
543 4585 583 4648 de
599 4584 767 4666 Hampton
783 4586 874 4646 tenet
888 4583 924 4645 in
942 4583 1108 4649 Srnarrou
1124 4603 1178 4645 nu.
1195 4586 1218 4646 f.
1235 4605 1278 4650 m.
1295 4585 1335 4648 de
1359 4583 1542 4650 Theobaldo
1567 4585 1607 4648 de
1632 4584 1775 4664 Verduu,
1790 4589 1824 4648 et

328 4671 416 4736 idem
431 4673 632 4737 Theobaldus
647 4670 690 4734 de
706 4690 780 4754 rege
795 4669 818 4734 i.
835 4691 863 4734 a.

372 4805 528 4869 Ricardus
543 4806 582 4868 de
601 4803 785 4869 Bathinden
800 4811 890 4871 tenet
904 4808 939 4869 in
954 4807 1153 4874 Bsrurunuu
1171 4829 1226 4874 un.
1242 4809 1264 4876 f.
1282 4831 1324 4874 m.
1341 4810 1380 4875 de
1395 4811 1534 4876 Roberto
1553 4812 1594 4876 de
1619 4811 1775 4890 (theudas,
1791 4816 1826 4876 et

328 4893 416 4956 idem
432 4892 590 4956 Robertus
605 4893 733 4977 detege
748 4914 805 4977 per
820 4894 992 4957 baroniam.

372 5029 529 5094 Radulfua
544 5027 642 5092 Bluet
662 5027 811 5115 [Boluet]
833 5034 923 5094 tenet
939 5032 974 5094 iu
989 5033 1258 5101 Dannruowoavrr
1274 5035 1308 5118 ij.
1325 5035 1345 5099 f.
1364 5058 1407 5100 m.
1424 5036 1464 5100 de
1479 5038 1643 5103 Willelmo
1666 5039 1762 5103 Bluet
1782 5041 1823 5104 de

329 5115 483 5194 Lacham,
494 5120 528 5180 et
543 5116 631 5179 idem
647 5117 828 5180 Willelmus
854 5117 895 5181 de
910 5122 1028 5184 comite
1045 5121 1235 5186 Marescallo
1250 5145 1305 5207 per
1321 5125 1496 5203 baroniam,
1511 5132 1545 5190 et
1560 5127 1646 5190 idem
1661 5147 1768 5191 comes
1783 5129 1822 5191 de

328 5225 413 5290 rege.

372 5337 518 5421 Rogerus
531 5333 562 5398 le
576 5332 646 5396 Rus
667 5331 763 5419 [Bus]
786 5339 876 5399 tenet
889 5336 925 5398 iu
940 5337 1165 5404 Duurasnuuu
1187 5338 1440 5428 [Duurnssunr]
1462 5345 1507 5410 di.
1523 5345 1546 5408 f.
1561 5343 1602 5408 de
1618 5340 1770 5428 Philippo
1784 5345 1825 5410 de

328 5422 564 5499 Macrisdoune,
577 5425 612 5484 et
626 5420 715 5484 idem
729 5419 902 5506 Philippus
917 5425 956 5488 de
970 5425 1151 5510 Regiualdo
1167 5427 1236 5491 filio
1250 5428 1352 5495 Petri.
