4117 6200
913 651 996 717 ιι).
1025 633 1124 718 fras.
1709 653 1773 716 aas

307 941 443 1006 Ducissa
458 940 621 1008 Clarenoie
634 947 668 1008 et
682 942 845 1008 Johannes
860 942 1025 1007 Laurenoe
1041 947 1155 1007 tenent
1165 941 1192 1026 j.
1209 942 1232 1007 f.
1251 964 1294 1008 m.
1313 947 1349 1006 et
1363 943 1408 1008 di.
1423 943 1444 1006 t.
1459 963 1503 1008 m.
1522 942 1557 1005 iu
1571 942 1770 1020 Erasmus,

263 1028 459 1112 Roaouuon,
474 1038 508 1094 et
522 1031 661 1112 Wsraa,
677 1032 763 1115 quod
778 1031 929 1095 Aliouors
943 1030 1073 1094 Russell
1087 1031 1249 1116 quondam
1263 1031 1384 1094 tenuit.

307 1167 617 1252 archipresbiteros
632 1169 756 1233 Burtou
772 1172 865 1233 tenet
878 1173 1028 1253 quartam
1043 1173 1170 1254 partem
1184 1167 1208 1235 f.
1224 1189 1270 1234 m.
1288 1168 1322 1232 in
1342 1167 1473 1236 Seruus
1492 1169 1574 1248 (stc).

305 1303 496 1370 Elizahstha
518 1305 572 1370 del
599 1305 664 1370 Isto
689 1309 781 1370 tenet
807 1306 853 1372 di.
869 1306 893 1372 t.
909 1325 955 1372 m.
971 1306 1007 1370 iu
1035 1306 1128 1374 Parus
1150 1312 1183 1370 et
1210 1305 1302 1386 alibi,
1317 1305 1404 1391 quod
1427 1304 1567 1369 Thomas
1591 1303 1770 1368 Daooombs

267 1393 431 1477 quondam
446 1393 568 1460 tenuit.

307 1529 468 1594 Haurious
482 1530 567 1596 Vser
591 1535 626 1595 ot
647 1529 798 1595 Johanua
822 1529 948 1596 Russall
973 1535 1090 1596 teuent
1112 1530 1158 1598 di.
1181 1530 1206 1599 f.
1231 1551 1275 1596 m.
1292 1531 1326 1594 in
1355 1529 1509 1608 Mortuos,
1526 1529 1613 1615 quod
1630 1527 1770 1594 Thomas

263 1616 397 1682 Alsnsrs
412 1618 574 1703 quondam
589 1619 708 1684 tenuit.

305 1753 470 1821 Johannas
494 1755 635 1822 Garatou
657 1761 754 1821 tenet
778 1755 824 1823 di.
841 1755 1183 1838 t'.m.inBrauao1uo,
1207 1755 1294 1842 quod
1321 1755 1505 1822 Willelmus
1530 1756 1572 1820 da
1601 1755 1769 1842 Brerdyug

263 1842 426 1928 quondam
441 1844 562 1910 tenuit.

264 1980 400 2134 teIstegu
421 1981 585 2048 Johaunos
606 1987 697 2048 tonet
720 1982 766 2051 di.
781 1982 805 2049 f.
821 1983 857 2046 in
880 1982 1122 2064 Hoaruoroao,
1148 1981 1235 2069 quod
1262 1981 1357 2069 Hugo
1383 1981 1579 2069 Flemmyng
1601 1981 1769 2068 quondam

300 2088 360 2134 nur
377 2119 388 2135 .

304 2206 396 2272 Prior
410 2207 452 2272 ds
466 2207 720 2273 Porteamowtho
734 2212 827 2275 tenet
842 2213 992 2294 quartam
1006 2213 1136 2294 partem
1150 2209 1174 2276 f.
1192 2229 1237 2276 m.
1253 2211 1289 2272 in
1304 2208 1557 2278 Wmurtausu.

306 2344 470 2410 Johanues
483 2345 571 2410 Lista
587 2350 680 2411 tenet
693 2351 843 2431 quartam
859 2350 982 2430 partem
997 2345 1023 2412 t.
1038 2366 1083 2412 m.
1100 2348 1134 2411 iu
1151 2346 1400 2426 anmsrosn,
1417 2351 1451 2411 et
1466 2350 1615 2434 quartam
1642 2349 1768 2430 partem

266 2432 291 2499 f.
307 2453 352 2499 m.
367 2435 404 2498 in
422 2433 629 2512 Susurmuo,
643 2434 729 2519 quod
743 2431 912 2498 Johannes
927 2434 967 2498 do
982 2433 1094 2498 Insula
1107 2435 1269 2518 quondam
1285 2435 1404 2500 tenuit.

312 2567 436 2658 [Idem]
455 2570 618 2636 Johauues
631 2575 724 2636 tenet
743 2575 892 2657 quartam
918 2574 1045 2655 partem
1071 2571 1095 2638 t.
1111 2591 1155 2636 m.
1172 2571 1207 2635 in
1223 2570 1332 2653 Baua,
1347 2569 1433 2656 quod
1451 2570 1630 2635 willelmus
1650 2569 1765 2633 Drewa

262 2659 424 2742 quondam
438 2660 559 2726 tenuit.

306 2792 441 2858 Isabella
469 2793 592 2858 Martro
627 2799 717 2859 tenet
753 2799 905 2879 quartam
934 2798 1062 2880 partem
1078 2794 1101 2861 f.
1118 2815 1162 2861 m.
1178 2795 1213 2860 in
1231 2795 1444 2863 Howrurouu
1462 2798 1544 2876 (stc),
1560 2794 1645 2880 quod
1665 2793 1765 2878 Hugo

263 2879 460 2968 Flemmyng
473 2882 635 2967 quondam
649 2883 768 2948 tenuit.

262 3110 277 3170 t
305 3017 500 3172 Dumfrarill
515 3018 655 3085 Stafford
670 3023 762 3085 tanet
776 3020 821 3085 di.
838 3017 862 3085 f.
878 3019 913 3083 in
929 3019 1180 3103 Aarouoasrou,
1195 3019 1281 3107 quod
1296 3018 1404 3084 Isolda
1419 3019 1576 3084 Dalmarll
1602 3020 1768 3107 quondam

278 3127 355 3173 enus
373 3158 383 3175 .

267 3310 281 3372 t
305 3218 485 3372 qubssldffl
500 3219 624 3305 Gurges
639 3223 730 3283 tsnet
741 3217 769 3304 j.
783 3219 807 3285 f.
819 3239 864 3285 m.
876 3219 912 3282 in
927 3218 1097 3299 Κιιιιιοιι,
1110 3216 1195 3300 quod
1210 3215 1401 3301 Radulphus
1415 3218 1455 3281 de
1467 3216 1588 3299 Gorgos
1603 3217 1767 3303 quondam

282 3327 356 3372 euru
377 3356 386 3373 .

305 3418 471 3484 Johannes
501 3420 589 3485 Liste
617 3423 710 3485 tenet
739 3419 784 3485 di.
816 3420 840 3485 f.
870 3419 906 3483 in
936 3418 1231 3497 Barauroaouauu,
1260 3416 1347 3502 quod
1375 3416 1532 3482 Robertus
1569 3416 1766 3501 Glomargau

265 3507 430 3592 quondam
445 3509 566 3573 tenuit.

305 3644 469 3710 Johannes
484 3645 596 3712 Hakat
610 3649 701 3711 tenet
715 3646 761 3712 di.
778 3645 802 3713 f.
818 3647 853 3709 in
869 3644 1090 3725 womarus,
1106 3649 1140 3708 et
1154 3642 1245 3720 alibi,
1271 3642 1356 3726 quod
1382 3641 1543 3707 Robertus
1568 3642 1766 3727 Glomorgau

263 3734 427 3817 quondam
443 3735 565 3800 tsnuit.

305 3865 471 3933 Johanuea
486 3868 600 3934 Stoura
614 3873 705 3933 tenet
720 3874 869 3955 quartam
883 3873 1009 3955 partem
1024 3867 1047 3933 t.
1064 3888 1107 3934 m.
1126 3870 1158 3931 iu
1175 3868 1433 3946 Νοιιιιιιιιιυιιι,
1446 3868 1531 3952 quod
1557 3867 1721 3935 Johaunes
1735 3872 1766 3936 le

263 3953 394 4020 Marohe
407 3957 568 4042 quondam
582 3958 707 4022 tenuit.

306 4090 470 4158 Johannes
495 4093 640 4178 Haynow
665 4097 756 4157 tenet
773 4094 802 4178 j.
819 4094 842 4160 f.
862 4113 908 4159 m.
933 4093 968 4156 iu
997 4091 1205 4172 Suanorum,
1228 4092 1313 4176 quod
1340 4090 1524 4156 Willolmus
1551 4093 1591 4157 ds
1617 4092 1766 4177 Haynow

262 4180 425 4264 quondam
442 4181 563 4247 tenuit.

304 4319 466 4383 Walterus
480 4318 563 4382 Vear
586 4322 621 4381 et
644 4316 809 4383 Johannes
832 4316 943 4381 Haket
966 4321 1083 4381 tenent
1105 4316 1132 4401 j.
1149 4317 1172 4383 f.
1189 4335 1234 4383 m.
1250 4317 1283 4379 in
1305 4316 1480 4385 Srsuuoou
1497 4322 1533 4382 et
1548 4317 1666 4397 wouh,
1680 4320 1766 4404 quod

262 4405 380 4471 Petrus
394 4406 535 4491 Deveroy
550 4406 712 4489 quondam
728 4405 848 4469 tenuit.

305 4542 490 4607 Willelmus
505 4543 645 4627 Weuyot
659 4547 750 4608 tonet
764 4545 915 4628 quartam
930 4549 1058 4628 partem
1073 4542 1097 4606 t.
1113 4562 1158 4607 m.
1175 4542 1210 4604 in
1227 4541 1383 4619 usuros,
1398 4542 1484 4626 quod
1510 4544 1674 4626 quondam
1700 4544 1763 4608 fuit

262 4630 297 4692 in
312 4649 412 4694 mauu
426 4631 550 4695 domiui
565 4632 660 4716 regis.

305 4766 471 4832 Johannea
500 4766 606 4853 Speke
635 4773 727 4833 tenet
756 4776 906 4854 quartam
934 4771 1061 4852 partem
1091 4769 1115 4833 f.
1146 4788 1191 4834 m.
1222 4767 1257 4832 in
1289 4766 1408 4846 Νιιοιι,
1431 4768 1518 4852 quod
1548 4768 1700 4853 Bawdrsy
1725 4771 1765 4837 de

263 4854 461 4941 Nouyngton
476 4857 639 4941 quondam
655 4858 776 4923 tenuit.

305 4990 504 5076 RegInaldua
518 4992 679 5078 Dolongar
693 4997 784 5058 tenet
798 4996 864 5058 tres
879 4995 989 5077 partes
1004 4992 1028 5058 f.
1045 5012 1089 5059 m.
1106 4992 1143 5056 iu
1159 4991 1362 5059 Nonarum.

303 5127 469 5195 Johannaa
478 5130 613 5216 Voyrell
627 5136 719 5195 tenet
733 5130 779 5195 di.
789 5130 813 5197 f.
826 5131 859 5193 in
876 5130 1109 5209 Buauurauua,
1124 5131 1209 5214 quod
1223 5128 1363 5194 Thomas
1376 5131 1408 5195 le
1423 5130 1587 5195 Vavesour
1602 5134 1764 5217 quondam

260 5219 380 5285 tenuit.
424 5217 499 5282 Non
535 5219 720 5302 respondet,
749 5220 827 5303 quia
862 5218 1022 5281 dividitur
1051 5218 1138 5281 inter
1172 5222 1240 5282 tres
1276 5239 1479 5302 possessores,
1515 5220 1641 5284 scilicet
1676 5222 1764 5284 inter

260 5303 444 5369 Johannem
460 5305 560 5385 Liale,
574 5304 756 5371 Johannem
773 5303 903 5385 Stoura,
920 5310 954 5369 et
968 5302 1127 5370 Thomam
1141 5304 1400 5373 Midelmersshe.

304 5443 399 5508 Prior
413 5444 528 5509 domus
543 5446 584 5509 de
600 5442 849 5531 Southsmpton’
863 5446 953 5508 tenet
967 5444 1001 5509 in
1019 5443 1154 5515 Οοειιιιι
1169 5443 1214 5509 di.
1231 5443 1254 5509 t.
1271 5464 1316 5510 m.
1332 5441 1390 5509 &a

363 5580 443 5634 lassa
1649 5579 1668 5632 z
