4117 6200
938 639 1021 704 Ab.
1047 641 1142 703 1428.

329 927 472 991 Ecclesia
486 928 526 992 de
543 931 756 995 Kiuorsnsun
771 931 902 992 taxatur
915 927 956 991 ad
973 949 1045 993 xxx.
1062 927 1185 992 marks.
1232 925 1433 1002 Subsidium,
1446 923 1491 988 xl.
1502 943 1529 986 a.

330 1065 475 1130 Ecclesia
490 1065 529 1129 de
547 1065 721 1132 Scaosnou
738 1071 867 1129 taxatur
879 1067 919 1129 ad
937 1068 1007 1152 viij.
1018 1067 1052 1129 li.
1100 1063 1299 1143 Subsidium,
1316 1063 1374 1148 xij.
1387 1081 1413 1124 a.

330 1203 471 1266 Ecclesia
486 1203 524 1264 de
542 1203 690 1268 Srsurou
706 1209 835 1265 taxatur
850 1203 891 1266 ad
906 1223 937 1266 x.
954 1201 1075 1264 marka.
1114 1199 1314 1271 Subsidium,
1337 1197 1407 1281 xiij.
1418 1217 1445 1260 a.
1463 1197 1525 1282 iiij.
1537 1195 1570 1261 d.
1603 1197 1783 1277 (Conccllccl

290 1289 332 1372 vj.
350 1313 376 1353 a.
407 1291 474 1374 viij.
492 1289 523 1352 d.
547 1297 581 1353 et
603 1310 668 1353 non
691 1289 774 1372 plus,
796 1291 873 1372 quia
895 1289 1032 1352 dimidia
1054 1308 1128 1371 pars
1149 1285 1299 1370 parochie
1321 1305 1385 1347 non
1408 1290 1457 1348 est
1479 1285 1564 1347 iufra
1594 1286 1788 1347 comitatum
1904 1361 1909 1366 .

291 1376 478 1440 Herefordie
494 1377 547 1440 sed
564 1377 648 1440 inira
663 1378 841 1453 ll'alliam).

295 1511 539 1662 ΙΝΙΞοοΙὲἶεξίαῶίθ
567 1515 746 1580 Ensanosn
773 1521 900 1578 taxatur
927 1513 967 1576 ad
993 1512 1093 1596 xxxij.
1109 1510 1224 1575 marks
1246 1479 1279 1575 et
1302 1511 1347 1574 di.
1395 1509 1595 1587 Subsidium,
1610 1507 1786 1594 iij.marke

292 1619 380 1682 upa.
397 1621 459 1682 11¹1·
498 1651 504 1665 .

333 1733 475 1798 Ecclesia
491 1735 530 1798 de
548 1737 720 1800 Psusarco
736 1740 865 1798 taxatur
880 1735 919 1797 ad
939 1735 980 1799 xl.
998 1734 1118 1800 merke.
1165 1732 1367 1809 Subsidium,
1381 1732 1446 1818 iiij.
1460 1731 1584 1797 marks.

335 1867 476 1933 Ecclesia
490 1871 529 1932 de
545 1869 678 1935 Lnrrou
695 1875 823 1933 taxatur
838 1871 877 1934 ad
895 1891 925 1935 x.
943 1870 1064 1935 marte.
1112 1868 1311 1947 Subsidium,
1327 1867 1399 1952 xiij.
1410 1888 1435 1930 a.
1454 1867 1517 1951 iiij.
1531 1864 1565 1930 d.

336 2005 478 2070 Ecclesia
492 2007 531 2070 de
548 2008 700 2074 Laousns
715 2012 843 2071 taxatur
858 2007 898 2070 ad
915 2008 984 2090 viij.
996 2009 1029 2072 li.
1077 2006 1276 2086 Subsidium,
1296 2005 1353 2090 xij.
1364 2024 1391 2070 a.

337 2139 477 2203 Ecclesia
491 2141 530 2204 de
546 2142 735 2208 tironensi
751 2147 880 2204 taxatur
896 2141 936 2204 ad
951 2142 1030 2240 xuij.
1045 2143 1078 2206 li.
1125 2139 1326 2217 Subsidium,
1340 2139 1470 2224 xxxiiij.
1482 2159 1508 2204 a.

338 2276 482 2340 Ecclesia
496 2279 537 2342 de
552 2280 689 2343 Auriana
704 2283 835 2341 taxatur
850 2278 891 2341 ad
906 2299 977 2342 xxv.
995 2277 1117 2342 merke.
1163 2275 1364 2355 Subsidium,
1378 2276 1416 2361 ij.
1431 2275 1543 2339 marke
1559 2281 1592 2339 et
1609 2275 1654 2338 di.

339 2405 482 2471 Ecclesia
497 2409 538 2471 de
568 2407 860 2496 [Krusannsnnua]
882 2416 1012 2474 taxatur
1027 2411 1067 2474 ad
1083 2431 1135 2474 xx.
1153 2409 1274 2475 marke.
1329 2409 1528 2487 Subsidium,
1543 2410 1580 2495 ij.
1593 2408 1714 2472 marks.

340 2543 483 2608 Ecclesia
498 2546 538 2610 de
553 2547 720 2614 Dunnwru
737 2552 866 2610 taxatur
880 2547 922 2610 ad
938 2548 981 2611 xl.
997 2545 1119 2611 morke.
1166 2545 1366 2623 Subsidium,
1380 2547 1444 2629 iiij.
1458 2545 1580 2610 marks.

341 2680 483 2745 Ecclesia
498 2683 538 2746 de
555 2685 747 2751 Seianarum>
764 2690 891 2748 taxatur
906 2684 946 2747 ad
962 2684 1010 2768 iij.
1024 2683 1136 2748 merke
1151 2689 1186 2748 et
1201 2685 1245 2748 di.
1293 2684 1481 2748 Subsidium
1503 2684 1591 2761 inde,
1609 2682 1706 2763 nihil,
1721 2685 1798 2766 quia

299 2787 362 2830 uon
377 2775 455 2833 sunt
470 2771 590 2836 ibidem
605 2795 635 2836 x.
652 2773 884 2836 inhabitantes.

342 2901 484 2964 Ecclesia
508 2902 547 2966 de
574 2906 710 2970 Buram-:r
737 2913 866 2972 taxatur
889 2910 930 2972 ad
957 2909 1025 2992 viij.
1052 2909 1173 2974 rnarke.
1220 2908 1409 2972 Subsidium
1423 2908 1511 2990 inde,
1530 2908 1624 2985 nihil,
1641 2909 1717 2992 quia
1734 2929 1798 2971 non

301 2995 377 3052 sunt
392 2989 514 3052 ibidem
529 3011 560 3054 x.
577 2993 811 3060 inhabitantes.

531 3124 664 3188 Summa
680 3127 816 3190 subsidii
830 3129 1035 3193 ecclesiarum
1052 3132 1268 3214 predictarum
1280 3152 1299 3194 :-
1317 3132 1400 3196 -xix.
1415 3134 1448 3197 li.
1465 3132 1528 3215 iiij.
1539 3150 1566 3197 a.

431 3261 565 3325 Summa
577 3264 687 3327 totalis
702 3265 835 3328 subsidii
851 3266 1057 3342 ecclesiarum
1072 3267 1354 3351 infrascriptarum
1369 3270 1518 3334 z—cxlix.
1529 3271 1564 3334 li.
1579 3268 1629 3353 iij.
1641 3287 1668 3334 ο.

1009 3398 1025 3460 I
1031 3398 1093 3462 nde

345 3528 394 3592 De
416 3526 589 3616 [subsidio]
612 3530 818 3593 ecclesiarum
833 3550 896 3593 non
914 3536 1098 3596 laxaturum
1144 3583 1492 3600 .......

347 3666 391 3730 Et
405 3667 447 3731 de
462 3669 604 3732 subsidio
620 3690 691 3733 xxx.
710 3671 915 3733 ecclesiarum
932 3674 1116 3735 taxatarum
1132 3672 1218 3736 inira
1264 3718 1722 3738 .........

345 3805 388 3867 Et
403 3804 442 3867 de
458 3806 623 3870 subsidio.
673 3857 679 3871 .
728 3858 734 3871 .
784 3810 1015 3872 ,ecclesiarum
1030 3814 1218 3873 taxatarum
1233 3810 1274 3872 ad
1291 3816 1358 3871 r⁰⁰⁰²
1373 3831 1495 3873 marcas
1512 3854 1802 3873 ......

349 3992 634 4009 ......
658 3947 698 4009 de
714 3967 744 4010 v.
761 3946 923 4030 parochiis
939 3948 1021 4011 inira
1037 3951 1207 4012 civitatem
1224 3948 1426 4027 Heraiordie,
1442 3948 1485 4010 iv.
1498 3949 1532 4011 li.

352 4130 918 4150 ...........
944 4088 978 4148 in
995 4088 1154 4150 comitatu
1171 4086 1370 4149 Herefordie.

800 4420 995 4486 Damascus
1018 4420 1328 4488 HEREFORDIE.

352 4584 399 4647 Dc
426 4584 564 4666 quadam
591 4585 740 4665 porcione
766 4607 834 4647 xxv.
845 4581 903 4669 [a]
925 4607 1022 4668 quam
1049 4587 1134 4668 prior
1159 4586 1198 4649 de
1225 4586 1360 4649 Ncwent
1386 4585 1531 4668 percepit
1553 4585 1587 4646 in
1611 4584 1745 4647 ecclesia
1768 4586 1808 4649 de

308 4673 519 4737 Kuuousrou.
566 4671 765 4747 Subsidium,
781 4672 891 4740 nichil¹
908 4694 946 4735 eo
961 4674 1048 4755 quod
1070 4673 1152 4736 dicti
1174 4675 1362 4736 collectores
1388 4694 1452 4735 non
1478 4673 1600 4734 habent
1614 4679 1809 4736 warrantum

308 4760 349 4823 ad
365 4760 546 4843 predictum
564 4758 743 4823 subsidium
760 4761 932 4823 levandum
956 4759 1154 4847 [rotscelini]
1175 4762 1211 4846 ij.
1223 4782 1248 4825 a.
1265 4759 1354 4844 vj.·d.
1376 4757 1521 4846 [cauci]

349 4894 398 4958 Da
423 4895 562 4979 quadam
588 4898 738 4979 porcione
764 4918 830 4961 aa.
859 4918 957 4981 quam
982 4901 1069 4981 prior
1097 4898 1264 4963 Herfordie
1289 4899 1434 4982 percepit
1458 4900 1491 4961 in
1519 4898 1631 4962 eadem
1658 4899 1803 4966 ccclesia.

310 4983 496 5046 Subsidium
513 4984 600 5063 inde,
617 4984 729 5062 nichil,
744 5006 840 5048 causa
856 4986 1001 5087 predicta
1024 4984 1223 5071 [sciscebat]
1245 4986 1331 5071 rjai.
1356 4983 1500 5071 [added]

353 5118 400 5182 De
415 5120 554 5203 quadam
568 5122 718 5203 porcione
733 5122 769 5205 ij.
782 5142 970 5199 marcarum,
988 5144 1085 5206 quam
1102 5126 1188 5207 prior
1203 5124 1243 5185 de
1271 5125 1355 5207 Lyra
1380 5124 1526 5205 percepit
1553 5124 1587 5185 in
1613 5123 1747 5186 ecclesia
1773 5123 1812 5186 de

310 5206 442 5272 Durius.
490 5206 680 5273 Subsidium
695 5210 781 5287 inde,
796 5207 910 5286 nichil,
925 5232 1020 5274 causa
1044 5214 1189 5294 predicta
1211 5208 1409 5297 [co-mulleri]
1431 5210 1467 5294 ij.
1482 5234 1507 5275 r.
1525 5209 1636 5293 viij.d.
1661 5208 1806 5295 [addat]

357 5344 403 5409 De
427 5347 566 5429 quadam
594 5346 741 5429 porcione
768 5346 873 5431 xiij.s.
891 5346 998 5432 iiij.d.
1021 5370 1121 5432 quam
1147 5352 1234 5433 prior
1259 5350 1394 5431 Majoris
1418 5349 1582 5411 Malverne
1608 5348 1751 5430 percepit
1777 5347 1812 5409 in

312 5432 424 5497 eadem
442 5436 584 5500 ecclesia.
633 5433 834 5512 Subsidium,
849 5433 962 5513 nichil,
977 5442 1037 5501 etc.
1062 5435 1261 5523 [cancellat]
1282 5434 1390 5519 xvjul.
1414 5432 1559 5521 [ablat]
