4117 6200
918 605 1001 674 al).
1034 609 1128 674 1346.
1709 604 1772 672 239

270 896 492 1076 ·b·vdffll⁶}mu⁸
506 899 616 966 Rossol
630 903 721 967 tanet
735 901 781 970 di.
797 899 821 968 f.
837 902 871 966 in
888 860 1010 981 Assia,
1034 897 1134 992 [quod
1149 899 1332 968 Willelmus
1348 900 1457 967 Rosscl
1474 899 1633 986 quondam
1659 898 1770 966 tonuit

267 1007 279 1049 1
303 1007 315 1050 1
338 1007 401 1054 em.

308 1124 454 1212 Rogems
469 1127 510 1193 da
525 1130 648 1194 Actone
664 1133 756 1194 tenet
770 1130 815 1197 di.
832 1129 856 1196 f.
873 1130 908 1194 in
924 1131 1046 1213 Ausci,
1063 1132 1148 1214 quod
1163 1130 1315 1194 Nicotaus
1332 1129 1457 1195 Cantok
1470 1127 1633 1216 (Cankok)
1649 1128 1767 1196 tenuit.

307 1265 491 1350 Stephanus
527 1269 567 1333 de
604 1269 693 1334 Salso
729 1269 867 1333 Matisco
902 1275 994 1334 tenet
1031 1271 1076 1336 di.
1107 1271 1131 1336 f.
1162 1271 1198 1334 in
1228 1271 1371 1338 Wasrors
1413 1269 1530 1338 Slaom
1568 1270 1764 1348 Laoaason,

266 1352 450 1421 Scantiana
465 1360 500 1420 et
514 1358 735 1437 Bamrasaarr,
759 1355 859 1444 [quod
874 1357 1056 1442 Stephanus
1072 1359 1110 1422 de
1127 1358 1217 1422 Salso
1233 1359 1371 1421 Matisco
1395 1361 1503 1421 tenuit
1517 1355 1672 1442 ibidem]

305 1490 489 1561 willelmus
510 1494 551 1560 dc
572 1495 678 1579 Veym
708 1494 871 1583 [chm]‚
896 1501 931 1560 et
953 1495 1092 1560 Thomas
1116 1497 1157 1561 dc
1183 1496 1215 1560 la
1242 1497 1348 1580 Haye,
1377 1500 1411 1560 et
1435 1497 1537 1560 Adam
1560 1495 1600 1558 de
1621 1495 1763 1578 Eytom,

262 1581 374 1644 teneat
397 1581 442 1648 di.
470 1581 494 1648 f.
520 1584 554 1646 in
581 1584 724 1651 Wasroa
753 1584 871 1652 Ssaoar
896 1585 1092 1664 Lloaasorr,
1119 1585 1327 1664 fiscanno),
1352 1591 1386 1648 et
1408 1586 1635 1662 Wssraua(r)‚
1660 1580 1761 1668 [quod

262 1666 394 1732 herodes
410 1669 568 1734 Willelmi
584 1671 710 1754 Weym,
736 1677 771 1735 ot
796 1671 933 1737 horodes
947 1671 1104 1736 Willelmi
1131 1673 1172 1736 dc
1199 1673 1229 1736 la
1255 1673 1361 1756 Hcyc,
1386 1677 1420 1736 et
1442 1672 1547 1735 Adam
1573 1672 1612 1734 de
1638 1671 1765 1754 Eyton‚

266 1755 430 1839 quondam
445 1761 622 1824 tenuerunt
638 1756 793 1847 ibidem]
1501 1791 1506 1802 ·

304 1891 464 1958 Robartus
488 1894 529 1959 dc
554 1895 713 1982 Gouelcyo
738 1900 831 1961 tenet
855 1899 1003 1980 quartam
1028 1899 1154 1980 partem
1177 1917 1233 1962 ua.
1258 1895 1282 1963 l.
1307 1897 1343 1960 in
1368 1897 1445 1966 Wra
1467 1894 1580 1984 [quam
1595 1895 1761 1960 Robsrtus

262 1975 440 2065 Ccucwcye
458 1980 622 2067 (Couelsy)
641 1984 749 2048 tenuit
765 1981 916 2071 ibidem]

302 2116 486 2184 Willalmus
501 2120 671 2205 Bagapuys
686 2125 776 2185 tenet
790 2122 942 2206 quintam
956 2124 1083 2205 partem
1098 2142 1154 2188 un.
1171 2121 1194 2188 f.
1212 2121 1247 2184 in
1264 2122 1460 2188 Trocmos
1479 2117 1752 2208 [Tnmcnscorn]

263 2204 519 2288 (Tamsaporis),
543 2206 644 2295 [quod
658 2209 845 2273 Willelmus
859 2208 1037 2295 Gagcpuys
1056 2212 1123 2289 (sic)
1142 2208 1306 2294 quondam
1322 2211 1430 2273 tenuit
1447 2205 1597 2294 ibidem]

302 2340 442 2407 Ancclus
471 2345 538 2422 (sic)
565 2343 605 2408 ds
628 2343 777 2428 Gomeyc
804 2347 897 2409 terret
922 2348 1073 2427 quartam
1099 2349 1224 2430 partam
1249 2362 1306 2411 un.
1333 2344 1356 2410 f.
1385 2345 1419 2406 in
1449 2345 1623 2423 Hammon,
1648 2341 1760 2431 [quam

259 2426 373 2492 Sibilla
387 2429 428 2494 dc
444 2429 591 2515 Gomeye
606 2431 770 2516 quondam
785 2434 895 2498 tenuit
909 2430 1062 2519 ibidem]

300 2566 457 2632 Ricardus
470 2567 510 2632 de
527 2567 712 2634 Gronovillc
728 2573 817 2634 tonet
832 2570 878 2635 di.
894 2569 918 2637 f.
936 2590 979 2636 m.
996 2570 1032 2633 in
1050 2569 1203 2638 scaccos
1220 2569 1448 2650 Gaaaavrma,
1474 2567 1575 2657 [quod
1599 2568 1757 2634 Ricardus

259 2651 423 2719 Grcnevill
437 2656 599 2741 quondam
615 2659 725 2723 tonuit
740 2655 891 2745 ibidem]

675 2871 910 2964 [Hoaoasooii
934 2895 978 2941 oa
1001 2872 1349 2960 POKELCHIRCH.]

306 3028 369 3123 [Dc
384 3034 533 3119 episcopo
547 3031 760 3101 Bathonicnsi
775 3056 832 3121 pro
847 3035 972 3101 duobus
987 3035 1011 3103 f.
1028 3056 1073 3102 m.
1089 3035 1124 3100 in
1141 3037 1386 3103 Poamcaoaoa
1421 3075 1432 3087 -
1565 3074 1577 3086 -

303 3171 368 3262 [De
382 3175 487 3259 priora
504 3172 665 3240 Bathonis
678 3196 736 3261 pro
751 3177 797 3245 di.
813 3177 837 3244 f.
853 3198 899 3243 m.
915 3178 950 3240 in
966 3177 1139 3243 Aroanios
1161 3173 1343 3263 [Assaior]
1439 3215 1451 3229 ·
1532 3204 1537 3217 ·
1584 3215 1596 3228 -
1640 3174 1750 3263 aaa]

297 3311 413 3377 Pctms
427 3311 543 3379 Gorbct
556 3318 649 3379 tonet
663 3314 709 3381 di.
726 3311 750 3382 l.
767 3336 811 3384 m.
828 3315 864 3380 in
880 3314 999 3385 Oaros
1021 3311 1199 3403 [Casaor],
1216 3314 1302 3399 quod
1318 3314 1496 3379 Mauricius
1511 3312 1552 3379 dc
1576 3312 1752 3399 Berkeleye

265 3394 411 3487 [Barole]
433 3402 542 3467 tenuit
556 3402 693 3471 ibidem.

297 3537 337 3602 In
366 3539 459 3624 cujus
487 3561 543 3626 rey
577 3544 644 3623 (cic)
676 3544 903 3607 testimonium
932 3542 1009 3607 huic
1033 3541 1243 3628 inquisicioni
1268 3539 1350 3611 dicti
1375 3540 1537 3631 juratores
1568 3541 1676 3631 sigilla
1701 3562 1758 3609 sua

255 3631 485 3713 apposuerunt.
530 3630 652 3695 Datum
668 3630 722 3695 die
738 3635 773 3697 ot
788 3650 872 3696 anno
888 3630 1098 3715 supradictis.

293 4032 472 4121 Inquisicio
486 4040 582 4123 capta
595 4034 682 4124 apud
691 4036 929 4105 Glouocstriam
943 4037 997 4104 dic
1006 4036 1162 4103 Mercurii
1178 4035 1323 4122 proximo
1338 4041 1413 4122 port
1426 4034 1548 4103 festum
1557 4034 1753 4105 Nativitatis

252 4120 363 4189 Sancti
378 4123 538 4190 Johannis
553 4125 702 4211 Baptista
716 4146 801 4191 anno
815 4126 908 4213 regni
921 4125 1009 4211 rcgis
1023 4124 1174 4191 Edwardi
1188 4125 1283 4189 tercii
1305 4144 1326 4189 a
1349 4128 1524 4207 conquestu
1548 4123 1629 4209 xxij⁰
1643 4144 1751 4191 coram

250 4211 453 4292 vicecomite,
477 4212 626 4279 Johannc
649 4213 689 4277 de
717 4215 835 4293 ricton,
857 4214 1010 4291 chivalor,
1038 4218 1073 4277 et
1103 4212 1245 4276 Hanrico
1274 4211 1315 4274 de
1346 4210 1490 4292 clifford,
1522 4211 1752 4278 collectoribus

250 4298 366 4363 auxilii
380 4299 422 4364 ad
436 4301 690 4387 primogenitom
706 4300 812 4365 filium
826 4302 912 4386 regis
927 4300 1067 4363 militem
1089 4299 1273 4401 facientium
1296 4299 1331 4361 in
1357 4300 1518 4400 comitatu
1544 4298 1751 4364 Glouccstrie

249 4385 1752 4556 l'lgglalgglglrzl’WlltrrllslidasstclloElrlllclgstlrergdlrrellmsallaffillrffllslgllarlirilhllllscl?

249 4558 271 4623 J
271 4558 405 4626 ohannis
420 4562 567 4647 Marony,
582 4561 604 4626 J
606 4562 741 4625 ohannis
756 4561 909 4642 Aruadel‚
924 4560 946 4625 J
947 4560 1084 4625 ohannis
1098 4564 1168 4624 atta
1186 4560 1327 4637 Watsrc,
1342 4559 1466 4623 Thomc
1482 4560 1600 4647 Agace,
1625 4558 1750 4626 Thomc

248 4646 352 4725 Odde,
380 4647 539 4712 Johannis
571 4648 756 4732 (torpenter,
784 4648 943 4713 Johanais
980 4646 1068 4728 Coss,
1100 4647 1237 4717 Waltsri
1275 4646 1423 4726 Samma,
1460 4646 1596 4711 Waltcri
1634 4648 1749 4730 Glode,

247 4732 383 4799 Waltari
397 4735 509 4819 Drcys,
525 4741 559 4800 et
573 4734 730 4801 Johannis
745 4736 875 4823 Sygryt,
889 4739 947 4821 qui
962 4735 1078 4799 dicunt
1091 4756 1150 4819 par
1165 4740 1405 4799 sacramentum
1422 4754 1528 4815 suum,
1544 4736 1631 4819 quod
1641 4758 1695 4800 :-

496 4949 704 5038 [Hcsoaam
726 4975 771 5019 aa
793 4954 1038 5021 DERHURST
1063 4974 1103 5018 aa
1127 4949 1512 5038 TEDBALDESTON]

289 5111 468 5196 Episcopus
482 5113 725 5199 Wygorniensis
750 5118 844 5180 tonet
866 5114 893 5199 j.
909 5112 933 5180 t.
950 5134 994 5179 m.
1012 5119 1046 5179 et
1061 5114 1107 5179 di.
1124 5114 1159 5176 in
1177 5113 1296 5193 Carvo,
1318 5113 1486 5193 Socratis,
1505 5112 1750 5181 Gooaaracrorr

245 5201 280 5264 ot
297 5200 545 5267 Baomarrrrorr
582 5199 856 5287 Bascaamorr]

1320 5412 1334 5425 h

286 5336 435 5403 Oliverus
456 5337 497 5403 de
519 5338 636 5404 Bchuo
658 5337 782 5515 [Bouup
804 5342 894 5403 tcnct
909 5338 955 5403 di.
971 5335 996 5403 f.
1015 5358 1060 5403 m.
1078 5338 1112 5402 in
1131 5337 1297 5410 somam,
1320 5335 1507 5423 isccmap
1531 5335 1631 5424 [quod
1650 5354 1755 5405 comcs

245 5420 443 5491 Herdfordie
459 5426 623 5511 quondam
638 5429 762 5493 tenuit.

318 5563 399 5615 18345
1671 5562 1692 5613 Τ
