4117 6200
914 638 995 703 AJ).
1020 640 1115 706 1346.
1697 644 1758 708 175

306 937 444 1003 Thomas
459 936 501 1003 da
515 934 676 1001 Bachlord
691 939 785 1000 tenet
798 937 947 1019 quartam
960 938 1088 1017 partam
1101 954 1157 999 un.
1172 932 1198 999 f.
1214 932 1254 998 de
1269 933 1327 997 illo
1342 932 1479 998 dimidio
1494 934 1598 1016 feodo,
1612 944 1647 1003 et
1661 940 1760 1027 Hugo

263 1027 294 1091 le
316 1026 440 1091 Blonnt
463 1029 555 1090 tanet
580 1024 680 1089 aliam
705 1028 854 1107 quartam
879 1025 1007 1105 partem
1032 1021 1073 1085 de
1098 1021 1185 1086 dicto
1211 1021 1347 1085 dimidio
1374 1021 1479 1102 feodo,
1494 1025 1580 1107 quod
1595 1026 1760 1114 Margania

263 1114 362 1178 Fillol
375 1112 550 1197 aliquando
565 1113 673 1176 tenuit
688 1112 722 1175 in
739 1112 893 1176 Roruma
909 1110 1070 1174 Pauunaa
1173 1148 1184 1161 ·
1316 1146 1329 1161 ·
1462 1152 1473 1163 -
1606 1152 1620 1167 ·
1672 1138 1757 1184 aaa.

307 1252 419 1317 Comes
434 1251 635 1329 Hereiordie,
656 1270 761 1315 comes
785 1247 1053 1333 Ncrhamptonie,
1068 1252 1103 1312 ct
1117 1246 1299 1311 Willelmus
1315 1247 1416 1331 Olyvs
1442 1254 1552 1315 tenent
1576 1251 1640 1316 duo
1666 1253 1761 1321 feoda

264 1346 301 1406 at
314 1341 360 1407 di.
377 1342 412 1404 in
435 1341 590 1406 Rosams
616 1338 833 1416 Msaosanra,
861 1356 924 1420 qua
955 1335 1123 1399 Gilbertus
1146 1334 1234 1399 filius
1260 1334 1426 1417 Willelmi,
1457 1337 1621 1403 Johannes
1650 1340 1761 1424 Baret,

262 1427 486 1596 gqlfipiitdpqsicqa
507 1425 662 1510 Rothing,
684 1423 847 1490 Johannes
875 1425 917 1488 de
939 1424 971 1488 la
998 1423 1191 1488 Newelonde
1215 1428 1250 1486 et
1276 1421 1415 1487 cristina
1438 1424 1572 1491 Bemers
1597 1430 1760 1512 quondam

306 1652 446 1719 Thomas
460 1653 501 1718 de
514 1651 659 1730 Weston,
673 1650 823 1729 chivaler,
837 1654 931 1715 tenet
945 1649 1009 1714 duo
1031 1649 1125 1715 seoda
1150 1649 1185 1713 in
1209 1649 1361 1717 Arsacen
1384 1651 1549 1733 masma,
1565 1675 1629 1738 que

262 1741 361 1806 Ferre
375 1740 549 1827 aliquando
562 1742 672 1805 tenuit
824 1778 837 1792 .
1009 1776 1025 1793 .
1156 1774 1170 1790 .
1300 1776 1314 1793 .

308 1881 492 1946 willelmus
521 1881 561 1945 de
587 1880 741 1958 Wauton,
763 1874 915 1957 chivaler,
945 1882 1038 1942 tanet
1067 1876 1147 1940 duas
1172 1882 1280 1960 partos
1309 1896 1365 1942 un.
1398 1876 1422 1942 f.
1453 1879 1488 1941 in
1517 1879 1761 1951 Wrnnrrscuaua

264 1970 411 2049 Rouana
427 1989 506 2054 quas
519 1968 637 2032 Emma
650 1967 690 2031 de
706 1967 847 2030 Arderne
861 1965 1033 2049 aliquando
1047 1964 1158 2029 tenuit
1238 2003 1250 2016 -
1380 2000 1395 2012 -
1527 2005 1538 2020 ·
1582 1968 1618 2053 ij.
1636 1990 1762 2037 marcus

308 2109 352 2171 Et
372 2108 537 2191 predictus
552 2106 734 2170 Willelmus
756 2110 848 2171 tanet
872 2105 918 2171 di.
934 2103 958 2171 f.
974 2104 1010 2168 in
1033 2104 1277 2183 Pnussmsros,
1303 2102 1388 2187 quod
1414 2103 1532 2170 Emma
1555 2107 1595 2171 de
1618 2108 1761 2176 Arderne

264 2194 438 2279 aliquando
452 2196 560 2259 tenuit
575 2196 610 2257 in
623 2193 735 2258 eadem
881 2230 894 2245 ·
1026 2230 1040 2245 ·
1172 2227 1185 2243 ·
1316 2229 1329 2243 ·
1461 2232 1474 2247 ·
1606 2234 1619 2249 ·
1674 2219 1760 2267 xus.

308 2334 472 2399 Johannes
496 2332 537 2397 de
558 2333 591 2399 la
613 2330 736 2397 Rolrele
763 2335 852 2396 tanet
876 2331 1011 2395 terciam
1035 2334 1159 2416 partem
1181 2349 1237 2394 un.
1254 2329 1278 2395 f.
1295 2330 1329 2392 in
1344 2329 1469 2409 eadem,
1483 2352 1583 2416 quam
1598 2334 1761 2404 Johannes

264 2418 441 2509 Rokel[e],
454 2420 632 2486 avunculus
648 2420 785 2505 predicti
800 2416 969 2498 Johannis,
983 2417 1158 2501 aliquando
1172 2416 1282 2481 tenuit
1378 2458 1390 2469 ·
1522 2422 1602 2507 ·j.
1619 2444 1760 2491 marcam

307 2559 445 2624 Thomas
461 2557 549 2643 (incy
564 2562 654 2622 tenet
667 2576 724 2623 un.
741 2557 764 2622 s.
780 2558 816 2621 in
830 2557 1074 2625 anmcusnu
1099 2554 1236 2636 Saarna,
1253 2554 1338 2638 quod
1353 2555 1457 2620 Lucas
1471 2555 1575 2624 Morel
1588 2564 1718 2716 tenuitl

261 2852 295 2912 te
307 2757 474 2911 Gaphidus
488 2757 605 2844 Myugi
619 2763 712 2823 tenet
733 2760 883 2841 quartam
905 2759 1034 2840 partem
1058 2775 1114 2820 ιιιι.
1131 2755 1153 2820 f.
1171 2775 1268 2840 quam
1289 2754 1447 2821 Robertus
1469 2756 1577 2847 Mingi
1600 2674 1763 2845 qnontxlarii

296 2866 353 2911 nur
1721 2905 1729 2921 .

307 2958 421 3025 Comes
445 2959 703 3044 Norhamptonis
723 2962 814 3023 tanet
836 2958 883 3023 di.
899 2958 922 3023 f.
939 2962 975 3021 et
988 2960 1139 3042 quartam
1160 2961 1285 3041 partem
1299 2976 1356 3022 un.
1372 2958 1395 3023 f.
1412 2958 1446 3022 in
1462 2960 1617 3029 Rorums
1639 2963 1760 3047 Μιιιιιι,

262 3048 507 3118 Wnamoma
522 3051 556 3116 ci
570 3047 756 3127 Duuuown,
772 3066 837 3131 que
852 3042 1043 3130 Radulphus
1058 3045 1099 3110 de
1112 3043 1207 3110 Merk
1222 3044 1396 3132 aliquando
1410 3050 1520 3113 tenuit
1584 3086 1599 3100 ·
1651 3074 1759 3123 xxxo.

309 3186 471 3251 Rohcrtus
485 3183 681 3250 Mareschall
695 3189 786 3250 tenet
799 3205 855 3250 un.
871 3185 895 3250 f.
911 3184 947 3247 in
972 3184 1136 3252 Sannaus
1160 3182 1314 3248 Glisma-5
1329 3186 1454 3263 (rectius
1480 3185 1659 3270 Βοιιιιιιιιιι),
1676 3194 1762 3276 quod

267 3272 733 3358 RadulphusJocclyntenuit
898 3306 1635 3324 ······
1683 3279 1760 3349 xla.

306 3387 470 3452 Johannes
515 3384 748 3470 champaneys,
785 3382 968 3470 Stephanus
1010 3383 1152 3449 Gouelcs
1204 3386 1330 3465 (rectiora
1376 3383 1560 3472 Bouana),
1596 3389 1761 3459 Johannes

264 3471 480 3559 Wythenhey,
507 3472 669 3538 Johannes
698 3478 769 3537 alte
795 3471 927 3553 Nasshe,
952 3471 1092 3536 Thomas
1115 3469 1257 3557 Shobery
1279 3478 1313 3536 et
1334 3471 1492 3538 Ricardus
1517 3473 1610 3542 (ione
1635 3485 1761 3558 (rectius

263 3562 365 3642 Bone)
383 3566 499 3626 tenent
512 3582 569 3626 un.
586 3561 610 3628 i.
625 3563 661 3624 in
678 3561 853 3640 Sarrana,
869 3559 956 3644 quod
971 3559 1154 3624 Willelmus
1177 3557 1409 3644 champenoys,
1431 3559 1596 3628 Johannes
1611 3565 1759 3651 Goueles,

264 3650 287 3715 J
288 3651 432 3714 ohannes
446 3647 601 3734 Shobery,
616 3649 778 3713 Johannes
791 3655 863 3713 atta
877 3647 1001 3712 Nasshe
1015 3652 1051 3712 et
1065 3646 1223 3711 Ricardus
1238 3646 1330 3712 (ione
1344 3648 1516 3734 aliquando
1531 3655 1704 3720 tenuerunt

307 3849 355 3916 Et
368 3848 523 3934 quicquid
537 3849 626 3933 prior
640 3847 680 3912 da
694 3849 727 3913 la
741 3847 932 3913 Blakemore
947 3852 1039 3914 tenet
1053 3849 1089 3912 in
1112 3847 1201 3912 dicta
1216 3847 1305 3926 villa,
1329 3852 1422 3914 tenet
1445 3851 1481 3914 in
1496 3873 1610 3936 puram
1633 3859 1668 3920 et
1685 3745 1761 3942 ξεῖ-

262 3943 394 4022 petuam
410 3936 631 4015 elemosinam,
644 3941 683 4001 ut
697 3941 790 4020 patet
804 3957 861 4021 per
875 3937 1123 4021 inquisicionem
1137 3957 1230 4020 super
1244 3936 1303 4000 hoc
1317 3942 1458 4021 captam.

306 4049 469 4115 Johannes
482 4049 523 4114 de
538 4048 736 4135 Genyngton
756 4053 881 4130 (rectius
898 4049 1103 4135 Benyngton)
1121 4053 1213 4113 tenet
1227 4049 1273 4116 di.
1289 4048 1312 4116 f.
1329 4054 1362 4113 et
1377 4055 1524 4134 quartam
1539 4059 1665 4137 partem
1688 4057 1710 4121 f.
1727 4060 1761 4123 in

263 4139 353 4205 Aura
367 4138 491 4217 Esraa,
508 4158 570 4223 que
583 4135 749 4202 Johannes
764 4138 897 4201 Heroun
911 4137 1084 4223 aliqnando
1098 4137 1207 4202 tenant
1302 4172 1317 4184 ·
1446 4175 1461 4186 -
1591 4179 1605 4190 -
1653 4165 1760 4212 xxxa.

306 4275 447 4340 Thomas
461 4277 502 4341 da
517 4274 606 4341 Brok
621 4278 732 4340 tenuit
746 4277 792 4343 di.
803 4276 827 4342 i.
837 4277 873 4338 in
888 4277 978 4342 Anas
993 4276 1158 4354 Rorumo,
1172 4274 1258 4358 quod
1274 4273 1481 4341 Henrionsde
1492 4275 1579 4343 Brolr
1590 4281 1762 4366 aliquando

264 4366 372 4428 tenuit
386 4365 422 4427 in
436 4365 559 4444 eadem,
574 4365 660 4450 quod
675 4364 808 4449 quidem
824 4364 869 4428 di.
885 4364 909 4428 f.
924 4364 1035 4426 existit
1050 4363 1086 4425 in
1100 4381 1201 4425 manu
1214 4364 1298 4448 regis
1466 4398 1478 4414 ·
1612 4403 1622 4417 ·
1673 4391 1758 4437 xrs.

306 4504 351 4568 Et
371 4523 435 4588 quo
448 4502 491 4567 ad
504 4507 570 4567 tres
583 4507 694 4587 partes
707 4523 764 4568 un.
775 4501 798 4568 i.
811 4523 909 4587 quam
924 4502 1076 4587 Paganus
1090 4500 1262 4585 Tippetolt
1276 4502 1385 4564 tenuit
1406 4503 1442 4565 in
1468 4475 1669 4585 Shaarulaa,
1685 4508 1762 4573 talis

263 4591 341 4654 villa
354 4592 390 4654 in
404 4592 550 4676 predicto
564 4590 731 4654 hundredo
745 4611 810 4654 non
824 4590 1002 4668 iuvenitur,
1019 4594 1070 4652 set
1084 4588 1250 4652 invenitur
1264 4589 1300 4650 in
1326 4589 1492 4654 hundredo
1516 4594 1557 4657 de
1584 4593 1761 4662 Haddeles·

263 4678 344 4756 ford,
357 4682 397 4742 ut
410 4684 503 4763 patet
518 4697 576 4762 par
590 4679 839 4763 inquisicionem
854 4697 948 4762 super
963 4675 1025 4742 hoc
1040 4681 1169 4760 captam
1298 4711 1313 4723 -
1442 4713 1457 4728 ·
1587 4717 1601 4730 -
1654 4703 1760 4753 xxxo.

306 4815 351 4880 Et
364 4836 428 4901 quo
442 4816 483 4879 ad
498 4819 644 4898 quartam
669 4813 826 4903 [partem]
847 4837 903 4881 un.
919 4815 943 4883 f.
960 4836 1057 4900 quam
1074 4812 1240 4879 Johannes
1264 4814 1362 4880 Lovel
1376 4818 1485 4884 tenuit
1500 4819 1535 4883 in
1554 4819 1670 4900 Suana,
1687 4822 1763 4888 talis

263 4903 389 4968 villain
404 4903 549 4988 predicto
564 4903 730 4967 hundredo
745 4925 810 4968 uon
824 4905 999 4982 invenitur,
1013 4906 1052 4968 ut
1067 4909 1161 4987 patet
1175 4923 1233 4986 per
1248 4903 1494 4988 inquisicionem
1629 4944 1644 4957 -
1696 4932 1760 4977 ns.

544 5085 567 5151 S
702 5049 716 5198 p
735 5042 916 5194 geodopum
930 5041 1041 5144 xxxiij.
1059 5041 1084 5144 i:
1098 5043 1164 5144 iiij}
1189 5046 1223 5107 et
1238 5039 1294 5127 vj⁸‘
1309 5064 1381 5128 pars
1395 5063 1451 5110 un.
1467 5042 1492 5113 f.

766 5150 948 5195 enarrornm
963 5130 1040 5214 [va.
1061 5131 1095 5195 la.
1111 5151 1211 5216 xvps.
1227 5133 1318 5216 vulti.

733 5324 953 5391 Huunaanun
976 5344 1020 5389 ns
1042 5323 1294 5391 BEKYNTRE.

306 5459 420 5526 Comes
447 5459 612 5527 Warewici
637 5466 729 5528 tenet
753 5483 809 5528 un.
833 5463 858 5529 f.
888 5482 933 5528 m.
963 5462 998 5525 in
1029 5461 1312 5543 Woucounsnoun,
1343 5462 1429 5546 quod
1458 5461 1617 5527 Robertus
1646 5459 1763 5549 Thony

263 5547 439 5634 aliquando
453 5551 563 5614 tenuit
607 5586 1628 5604 ········
1681 5549 1761 5629 XM.
