4117 6200
977 558 1126 628 ESSEX.

664 858 835 924 Drurnruu
857 856 1078 923 Hnunaanuu
1101 874 1144 920 ns
1169 852 1445 922 CLAVERYNG.

314 988 318 994 -
349 1026 489 1093 Predicti
515 972 700 1088 collectores
722 1019 916 1105 respondent
941 1019 983 1083 de
1008 1019 1045 1103 ij.
1062 1018 1165 1083 leodis
1191 1022 1226 1082 et
1250 1017 1295 1083 di.
1321 972 1565 1102 quartaque,
1582 1016 1681 1080 tercia
1700 1020 1802 1100 parte,

304 1134 360 1180 un.
378 1114 401 1180 f.
417 1119 455 1177 ut
469 1116 559 1199 patet
580 1133 636 1197 per
659 1111 906 1195 inquisicionem
932 1127 1040 1171 coram
1063 1105 1217 1191 predictis
1242 1104 1462 1170 collectoribus
1490 1108 1630 1188 captam,
1654 1105 1689 1168 iu
1713 1103 1801 1167 dicto

305 1200 630 1284 hundredoutpatct
705 1238 715 1249 -
849 1236 860 1247 -
993 1235 1005 1246 -
1087 1234 1149 1277 ‚-
1283 1234 1293 1245 ·
1427 1190 1798 1276 -vj.li.iij.a.iiij.d.

604 1333 943 1499 sunum{Ileodorum
959 1332 996 1416 ij.
1013 1332 1036 1397 f.
1053 1331 1098 1398 di.
1115 1330 1190 1416 ffijr.
1204 1335 1238 1395 et
1252 1332 1350 1395 tercia
1370 1350 1454 1414 pars.
1470 1327 1496 1396 f.

764 1421 898 1485 Summa
912 1420 1116 1483 denariorum
1131 1420 1175 1502 vj.
1186 1420 1220 1484 li.
1237 1418 1286 1503 iij.
1296 1441 1323 1483 a.
1340 1418 1402 1502 iiij.
1412 1419 1444 1483 d.

430 1650 439 1663 ·
537 1607 672 1671 summa
686 1556 1500 1729 teatiidatfflllttltttffitt*
1516 1556 1539 1621 f·

858 1914 1262 1925 ———-—-———-——-——==

922 2111 1020 2183 Μ).
1063 2108 1184 2183 1428.

346 2270 516 2349 Heuricus,
531 2271 585 2334 dei
598 2273 705 2356 gratia
718 2293 772 2336 rex
795 2271 913 2357 Anglie
940 2276 975 2335 et
999 2270 1145 2349 Francia,
1161 2274 1196 2333 et
1222 2269 1373 2333 dominus
1400 2267 1570 2347 Hibernia,
1587 2266 1714 2330 dilectis
1738 2265 1800 2331 sibi

303 2356 447 2423 Johanni
466 2357 610 2441 Hilyouu
625 2358 666 2421 de
681 2357 938 2444 Fynchyugfeld,
954 2358 1093 2422 ilenrico
1114 2356 1215 2439 Aleyu
1230 2357 1270 2421 da
1286 2354 1458 2434 Boxstede,
1472 2354 1614 2419 Roberto
1636 2351 1801 2438 Heigham

302 2445 342 2508 de
351 2444 571 2531 Goldhaugre,
580 2445 702 2510 Thome
713 2446 826 2510 Aldres
841 2447 882 2510 de
896 2444 1070 2530 Hengham
1087 2443 1193 2523 Sibill,
1204 2444 1328 2529 Rogero
1343 2442 1528 2528 Deyncourt
1542 2442 1582 2505 de
1593 2439 1799 2526 Upmeustre,

302 2531 425 2596 'rhome
439 2532 577 2617 Prentys
591 2534 633 2596 de
648 2532 875 2612 chelmesford,
890 2532 1031 2597 Roberto
1054 2533 1170 2617 Smyth
1185 2532 1225 2595 de
1240 2528 1405 2594 Waltham
1420 2535 1454 2594 et
1468 2529 1490 2593 J
1491 2528 1610 2593 ohanui
1627 2527 1743 2613 Smyth
1759 2528 1799 2595 ds

238 2685 243 2695 ,
303 2620 441 2699 Norton,
455 2620 602 2685 salutem.

349 2750 466 2825 Sciatis
481 2752 578 2833 quod,
593 2772 668 2815 cum
682 2754 934 2823 communitates
947 2754 1043 2837 regui
1056 2752 1158 2816 nostri
1173 2751 1293 2838 Anglie
1308 2751 1343 2814 iu
1357 2749 1571 2835 parliamento
1593 2751 1702 2814 nostro
1716 2748 1801 2834 apud

304 2838 627 2903 westmonasterium
649 2840 685 2903 in
706 2840 870 2924 quindena
885 2839 996 2905 Sancti
1011 2837 1182 2905 Michaelis
1196 2839 1315 2904 ultima
1329 2838 1485 2923 preterita
1500 2840 1592 2901 tento
1614 2838 1802 2913 existentes,

303 2926 343 2990 de
359 2944 492 2989 msensu
506 2925 710 2991 dominorum
725 2926 946 3011 spiritualium
961 2930 995 2992 et
1008 2927 1239 3011 temporalium
1252 2926 1377 2991 ibidem
1399 2925 1549 2989 similiter
1574 2925 1799 3005 existencium,

304 3014 346 3078 ad
360 3011 513 3077 honorem
528 3014 591 3093 dei,
606 3018 641 3079 et
654 3013 696 3080 ob
710 3014 867 3100 grandem
875 3036 1024 3079 umorem
1046 3024 1080 3080 et
1101 3016 1263 3079 internam
1285 3012 1505 3093 affecciouem,
1520 3032 1617 3098 quam
1643 3032 1720 3099 erga
1741 3032 1801 3076 uos

304 3101 438 3181 habent,
452 3122 511 3186 pro
524 3101 707 3168 defensioue
721 3103 803 3167 dicti
817 3104 912 3188 regui
926 3104 1040 3183 nostri,
1054 3105 1139 3167 inter
1153 3107 1261 3168 catera
1281 3101 1374 3168 nobis
1397 3105 1475 3166 tuuc
1496 3100 1619 3165 ibidem
1641 3120 1798 3180 concessa,

303 3193 530 3254 concesserunt
554 3189 656 3272 uobis,
686 3191 772 3275 quod
797 3191 971 3275 cujuslibet
997 3188 1147 3274 parochie
1171 3189 1315 3274 ejusdem
1339 3190 1440 3274 regui,
1465 3187 1557 3272 cujus
1580 3187 1715 3252 ecclesia
1735 3208 1800 3252 non

304 3279 446 3355 taxatur,
460 3282 520 3341 aut
533 3281 610 3342 ante
624 3278 822 3362 quindenam
834 3279 1012 3363 predictam
1023 3283 1133 3342 taxata
1147 3285 1215 3341 erat
1229 3277 1316 3342 inira
1326 3295 1485 3340 summam
1495 3277 1606 3339 decem
1621 3295 1801 3340 marcarum

304 3384 363 3448 per
376 3383 510 3443 anuum,
526 3363 748 3430 inhabitantes
762 3364 926 3429 domicilia
939 3369 1090 3431 tenentes
1105 3365 1255 3446 universi,
1271 3362 1446 3428 dummodo
1459 3364 1494 3425 iu
1515 3363 1628 3426 eadem
1651 3361 1801 3452 parochia

304 3452 417 3515 decem
440 3471 574 3534 persone
597 3451 828 3530 inhabitantes,
855 3452 1021 3517 domicilia
1045 3459 1206 3533 tenentes,
1233 3453 1386 3529 existant,
1413 3450 1599 3514 civitatibus
1629 3459 1663 3514 et
1691 3449 1801 3534 burgis

303 3537 391 3602 infra
419 3537 508 3601 idem
529 3558 665 3622 reguum
693 3539 905 3603 existentibus
928 3540 1100 3604 dumtaxat
1129 3541 1284 3623 exceptis,
1303 3538 1429 3603 solvant
1452 3537 1545 3602 uobis
1568 3537 1608 3600 de
1629 3537 1721 3601 bonis
1736 3540 1803 3601 suis

304 3622 479 3689 mobilibus
493 3645 549 3688 sex
564 3625 682 3689 solidos
696 3631 731 3690 et
745 3631 818 3690 octo
832 3627 979 3691 denarios
992 3632 1134 3692 tantum.
1179 3627 1224 3690 Et
1238 3627 1351 3706 eciam,
1368 3625 1453 3710 quod
1468 3622 1641 3708 cujuslibet
1655 3625 1803 3709 parochie

305 3711 452 3795 ejusdem
465 3714 555 3796 regui
573 3713 713 3776 universi
728 3713 948 3778 inhabitantes
962 3714 1128 3778 domicilia
1142 3718 1301 3792 tenentes,
1316 3713 1412 3777 dictis
1426 3711 1614 3776 civitatibus
1636 3719 1670 3776 et
1691 3711 1803 3798 burgis

304 3799 458 3884 exceptis,
472 3798 566 3880 cujus
591 3798 740 3884 parochie
766 3801 898 3865 ecclesia
920 3801 1125 3886 singulariter
1152 3801 1193 3864 ad
1217 3820 1377 3864 summam
1399 3798 1508 3864 decem
1537 3819 1717 3863 marcarum
1746 3820 1803 3883 per

304 3905 427 3950 annum
453 3890 530 3951 ante
553 3886 688 3951 eandem
711 3886 908 3971 quindenam
933 3888 1114 3967 taxabatur,
1138 3887 1312 3952 dummodo
1333 3889 1369 3950 iu
1390 3886 1502 3951 eadem
1524 3885 1672 3970 parochia
1691 3886 1801 3951 decem

295 3970 536 4052 inhabitantes,
556 3972 720 4039 domicilia
744 3980 904 4054 tenentes,
918 3977 1072 4053 existant,
1093 3975 1220 4040 solvant
1244 3975 1335 4040 nobis
1359 3974 1400 4038 de
1423 3973 1516 4037 bonis
1539 3972 1606 4037 suis
1629 3973 1803 4038 mobilibus

304 4059 473 4125 tresdecim
503 4059 619 4125 solidos
644 4068 677 4126 et
704 4067 843 4146 quatuor
864 4063 1022 4141 denarios,
1045 4069 1079 4126 et
1102 4064 1149 4126 sic
1173 4061 1456 4146 proporcionalitcr
1480 4059 1683 4126 ascendendo
1706 4059 1803 4146 juxta

304 4151 409 4212 ratam
431 4152 506 4211 taxe
527 4146 700 4232 cujuslibet
721 4149 798 4214 talis
820 4150 952 4215 ecclesie
974 4150 1064 4233 prius
1086 4150 1181 4215 facte.
1225 4150 1270 4212 Et
1290 4147 1452 4225 similiter,
1466 4146 1552 4231 quod
1573 4148 1804 4226 inhabitantes,

305 4234 472 4299 domicilia
485 4239 644 4314 tenentes,
658 4235 832 4319 cujuslibet
846 4236 995 4319 parochie
1010 4236 1094 4301 iufra
1109 4238 1258 4301 civitates
1273 4239 1306 4300 et
1320 4235 1437 4320 hurgqs
1446 4235 1526 4298 dicti
1537 4235 1630 4320 regui
1641 4235 1803 4298 consimili

304 4321 401 4385 modo
423 4327 458 4385 et
481 4321 584 4385 torma
606 4321 795 4403 inhabitate,
816 4323 908 4407 cujus
931 4323 1062 4388 ecclesia
1087 4323 1202 4388 valoris
1223 4323 1323 4386 annui
1345 4322 1464 4407 viginti
1486 4321 1659 4386 solidorum
1680 4322 1805 4401 existit,
1879 4357 1883 4366 ·

303 4408 431 4476 solvant
456 4407 548 4472 nobis
571 4409 651 4473 duca
674 4409 803 4488 solidos,
818 4415 853 4473 et
878 4411 923 4474 sic
946 4410 1142 4474 ascendendo
1161 4409 1258 4494 juxta
1282 4413 1387 4473 ratam
1409 4429 1511 4493 usque
1533 4409 1574 4472 ad
1595 4427 1803 4493 suppremum

306 4500 340 4559 et
355 4496 535 4558 maximum
550 4495 690 4559 valorem
704 4496 879 4580 cujuslibet
893 4497 970 4560 talis
992 4497 1136 4575 ecclesie,
1151 4517 1208 4581 per
1229 4496 1353 4561 debitas
1374 4495 1604 4579 inquiucioues
1624 4495 1701 4559 inde
1725 4496 1802 4559 faci·

305 4583 415 4662 endas,
430 4582 526 4645 salvis
541 4589 666 4666 semper
680 4584 832 4667 predictis
846 4583 1034 4648 civitatibus
1049 4589 1084 4648 et
1098 4583 1208 4668 burgis
1222 4581 1407 4647 franchesiis
1422 4588 1456 4646 et
1470 4582 1673 4648 libertatibus
1687 4582 1754 4646 suis
1768 4583 1801 4646 in

305 4667 572 4751 inquisicionibus
593 4667 779 4752 hujusmodi
802 4669 979 4754 capiendis,
1007 4675 1230 4735 concesseruut
1254 4670 1386 4754 iusuper
1407 4669 1500 4734 uobis
1525 4689 1583 4754 pro
1616 4668 1804 4734 defensione
1852 4693 1858 4706 “

304 4755 460 4838 predicta,
474 4755 560 4837 quod
574 4754 719 4838 quelibet
732 4776 867 4840 persona
882 4758 993 4820 seisita
1004 4756 1045 4821 de
1059 4758 1155 4820 terris
1169 4761 1204 4822 et
1218 4757 1412 4821 tenementis
1426 4757 1511 4820 iufra
1526 4755 1651 4820 dictum
1666 4775 1803 4842 regnum

303 4843 340 4905 iu
363 4838 526 4904 dominico
549 4860 607 4904 suo
626 4847 667 4906 ut
689 4841 729 4905 de
754 4841 854 4906 libero
876 4846 1074 4920 tenemento,
1087 4863 1151 4927 que
1173 4848 1271 4907 terras
1293 4848 1327 4909 et
1341 4849 1527 4908 tenemento
1540 4843 1652 4908 eadem
1666 4862 1803 4927 persona

304 4929 549 5012 possessionata,
562 4947 621 4991 seu
635 4948 768 5011 persone
790 4929 1033 5011 possessionate,
1048 4933 1138 4994 tenet
1160 4950 1217 4994 seu
1231 4934 1346 4994 tenent
1361 4930 1550 4994 immediate
1565 4949 1622 5014 per
1636 4930 1687 4993 int

305 5013 438 5078 feodum
459 5012 589 5091 militis,
603 5012 730 5079 solvant
755 5020 789 5079 et
811 5014 915 5079 solvat
937 5014 1030 5079 nobis
1052 5037 1106 5080 sex
1127 5016 1243 5081 solidos
1267 5022 1302 5082 et
1323 5021 1395 5081 octo
1417 5017 1573 5095 denarios,
1587 5019 1622 5080 et
1642 5018 1688 5080 sic
1706 5023 1804 5101 Juxta

303 5105 408 5164 ratam
422 5119 524 5182 usque
538 5099 580 5163 ad
594 5105 743 5183 quartam
756 5107 883 5185 partem
896 5101 982 5166 feodi
997 5102 1114 5166 militis
1126 5104 1292 5184 inclusive,
1307 5103 1557 5187 possessionibus
1572 5104 1803 5190 temporalibus

303 5185 547 5252 decimabilibus
561 5186 816 5271 quibuscumque
829 5208 866 5251 ac
880 5189 1111 5272 possessoribus
1133 5189 1305 5254 earundem
1328 5211 1385 5274 pro
1406 5190 1527 5255 eisdem
1549 5191 1804 5273 possessionibus

304 5273 458 5356 exceptis.
512 5271 604 5347 Quod
625 5274 759 5356 quidem
782 5275 963 5339 subsidium
983 5275 1025 5339 ab
1045 5275 1315 5355 inhabitantibus,
1329 5277 1493 5343 domicilia
1506 5276 1702 5355 tenentibus,
1717 5277 1803 5342 infra

304 5360 409 5425 dictas
423 5358 589 5443 parochias
604 5359 707 5439 uobis,
716 5367 756 5424 ut
765 5362 801 5425 in
814 5361 901 5425 dicta
911 5364 1113 5427 concessione
1124 5364 1318 5443 continetur,
1330 5363 1409 5427 solvi
1424 5362 1518 5428 debet
1532 5364 1568 5427 in
1583 5362 1666 5427 testo
1681 5363 1803 5430 Pente-

303 5451 406 5514 costes
420 5445 564 5534 proxime
578 5447 700 5531 futuro,
714 5468 751 5512 ac
765 5448 893 5514 dictum
907 5448 1090 5514 subsidium
1104 5448 1265 5514 dictorum
1279 5449 1445 5516 feodorum
1463 5450 1619 5532 militum,
1640 5469 1706 5519 nna
1727 5471 1804 5518 cum
