4117 6200
911 631 1171 698 HEREFORD.

748 948 966 1013 Huuunnnuu
991 969 1035 1012 nn
1058 948 1338 1017 BROKESASH.

335 1164 380 1229 Et
394 1165 435 1227 de
453 1164 496 1228 xl.
508 1183 534 1228 6.
551 1163 689 1242 receptis
705 1162 745 1224 de
761 1160 909 1224 Johanue
925 1161 965 1224 de
980 1162 1066 1245 Sepy
1091 1184 1149 1246 pro
1173 1183 1229 1226 un.
1247 1163 1270 1228 f.
1287 1164 1323 1226 in
1341 1163 1435 1242 Sues,
1447 1164 1532 1246 quod
1562 1163 1741 1226 Petronilla
1752 1163 1792 1224 de

297 1253 389 1335 Sapy
404 1271 508 1334 nuper
523 1251 631 1314 tenuit
648 1250 688 1313 de
704 1251 851 1332 episcopo
866 1249 1067 1314 Herefordie.

332 1389 377 1450 Et
401 1389 440 1450 de
464 1388 508 1452 xl.
518 1408 544 1453 6.
573 1387 613 1449 de
640 1386 757 1450 abbate
781 1386 822 1448 de
849 1386 1055 1450 Gloucestria
1080 1395 1114 1451 et
1139 1389 1279 1451 Roberto
1303 1389 1344 1451 de
1370 1387 1555 1473 Penebrigg
1570 1409 1628 1472 pro
1643 1409 1699 1450 un.
1716 1388 1739 1451 f.
1756 1388 1792 1448 in

291 1477 514 1557 Uunrucwra,
530 1475 616 1557 quod
631 1474 718 1537 idem
735 1474 833 1537 abbas
847 1481 882 1537 et
895 1475 987 1538 heres
1004 1475 1156 1538 Falconis
1171 1476 1212 1539 de
1227 1476 1424 1562 Penebrugg
1438 1497 1542 1560 nuper
1557 1479 1736 1539 tenuerunt
1751 1474 1791 1536 de

292 1564 447 1648 episcopo
463 1561 663 1626 Herefordie.

331 1700 375 1762 Et
404 1699 443 1762 (16
472 1698 515 1764 xl.
532 1719 558 1762 6.
584 1700 720 1782 receptis
750 1699 789 1762 de
821 1699 890 1763 Odo
924 1697 994 1778 (616)
1030 1700 1181 1764 Ηο(1666(
1211 1721 1269 1783 pro
1301 1721 1356 1765 un.
1388 1699 1410 1764 f.
1442 1701 1476 1762 in
1513 1702 1676 1780 Peneion,
1706 1698 1793 1782 qnod

292 1787 438 1850 Dionisia
452 1787 483 1850 le
500 1786 604 1870 Wyne
620 1805 724 1870 nuper
739 1787 860 1851 tenuit.

334 1924 378 1988 Et
393 1925 434 1988 de
447 1945 499 1989 xx.
510 1943 536 1989 6.
554 1925 693 2008 receptis
708 1925 747 1987 de
763 1924 961 2008 Grymbaldo
977 1923 1134 1989 Paueefot
1148 1947 1207 2009 pro
1223 1927 1269 1991 di.
1287 1927 1310 1992 f.
1328 1928 1362 1989 in
1379 1926 1501 1991 Minus
1516 1927 1670 1993 Cownnn.

332 2063 375 2124 Et
390 2062 430 2124 dc
444 2082 496 2126 xx.
507 2082 533 2126 6.
550 2061 686 2144 receptis
702 2061 741 2124 de
759 2061 900 2125 Roberto
912 2061 1027 2125 Wroth
1042 2070 1077 2125 et
1093 2064 1219 2148 Rogero
1234 2063 1400 2128 Cifrewast
1415 2083 1473 2146 pro
1487 2063 1532 2127 di.
1546 2063 1570 2127 1.
1582 2065 1617 2125 16
1634 2063 1788 2138 eorum,

286 2149 372 2232 quod
386 2147 551 2212 Johaunes
565 2149 604 2212 de
620 2149 725 2212 Acten
742 2154 776 2212 et
792 2149 950 2213 Ricardus
967 2149 1007 2212 de
1024 2149 1193 2214 Cifrewast
1209 2172 1314 2235 nuper
1331 2157 1520 2216 tenuerunt.

334 2285 377 2348 Et
392 2285 431 2348 (16
445 2307 476 2351 x.
492 2305 519 2351 6.
536 2287 673 2368 receptis
689 2285 729 2348 de
745 2285 887 2370 Hugone
903 2285 1083 2351 Peunceiot
1106 2308 1163 2370 pro
1189 2287 1266 2372 iiij‘·
1285 2294 1378 2371 parte
1402 2309 1458 2352 un.
1484 2287 1507 2352 1.
1534 2285 1669 2363 ibidem,
1696 2303 1794 2368 quam

292 2373 453 2457 Margeria
467 2374 507 2436 de
523 2372 649 2436 Breues
666 2393 770 2456 nuper
786 2375 907 2439 tenuit.

333 2509 376 2573 Et
392 2511 433 2573 de
444 2510 471 2593 j.
488 2531 595 2573 marca
612 2517 743 2594 recepta
758 2510 799 2575 de
815 2511 938 2574 Thoma
954 2510 1102 2594 Pychard
1116 2533 1176 2596 pro
1193 2512 1292 2576 tercie
1307 2516 1398 2596 parte
1415 2532 1470 2576 66.
1487 2511 1511 2576 1.
1539 2512 1576 2574 16
1597 2511 1747 2586 Horror,
1759 2507 1795 2570 in

293 2598 414 2665 Misus
431 2598 582 2664 Oowneu.

332 2735 376 2799 Et
390 2736 431 2799 de
446 2736 489 2800 xl.
501 2754 527 2800 6.
544 2737 681 2819 receptis
708 2737 749 2800 de
776 2735 912 2800 Mebilla
937 2736 968 2800 16
993 2737 1081 2800 Rous
1106 2743 1141 2802 et
1166 2737 1288 2801 Thoma
1312 2738 1351 2800 de
1377 2733 1539 2820 Burghull
1566 2756 1623 2818 pro
1639 2754 1695 2798 un.
1715 2734 1738 2797 1.
1755 2733 1791 2794 16

288 2825 480 2976 rtievlplpepppp
495 2828 527 2886 et
554 2823 777 2903 Taurianum,
799 2825 884 2906 quod
911 2825 1064 2888 Alianore
1087 2825 1119 2888 16
1134 2825 1221 2889 Reus
1236 2829 1270 2888 et
1284 2824 1435 2909 Pagauus
1450 2822 1491 2885 de
1509 2821 1667 2906 Burghuil
1688 2839 1793 2904 nuper

334 3050 377 3113 Et
392 3049 432 3113 de
447 3069 499 3114 xx.
509 3067 536 3114 6.
554 3049 694 3133 receptis
709 3047 749 3111 de
764 3049 905 3113 dominis
920 3050 960 3114 de
977 3051 1024 3117 La
1048 3049 1170 3130 Fenus,
1190 3049 1288 3135 juxta
1312 3049 1429 3113 Frome
1453 3047 1618 3133 Episcopi,
1634 3066 1693 3131 pro
1708 3044 1752 3111 di.
1769 3039 1795 3108 1

290 3140 324 3201 16
340 3138 389 3203 Ire
404 3138 535 3215 Funus,
550 3137 634 3221 quod
650 3137 786 3220 Egidius
801 3138 842 3200 de
857 3138 1029 3221 Avenbury
1045 3146 1078 3203 6(
1097 3138 1257 3203 Walterus
1274 3138 1422 3201 Hskelut
1436 3157 1540 3221 nuper
1554 3140 1743 3199 tenuerunt.

295 3362 379 3443 (scil.
395 3364 431 3427 16
447 3362 665 3429 1666666666
681 3362 817 3441 Wsrsu)
835 3383 935 3445 quam
952 3363 1099 3448 Rogerus
1114 3364 1156 3427 de
1174 3363 1305 3426 Mortuo
1320 3362 1406 3426 Mari
1422 3382 1526 3446 nuper
1540 3362 1658 3425 tenuit.

335 3502 379 3564 Et
393 3501 434 3564 de
448 3521 479 3565 x.
488 3520 516 3564 6.
532 3500 670 3581 receptis
685 3499 726 3562 (16
742 3497 868 3562 Thema
893 3500 934 3563 (16
960 3499 1124 3584 Tounleye
1151 3520 1208 3583 pro
1233 3505 1349 3585 quarte
1368 3504 1460 3583 parte
1476 3518 1535 3563 66.
1551 3496 1575 3563 1.
1592 3495 1630 3559 16
1646 3495 1797 3569 1166666,

291 3610 390 3675 quam
404 3592 497 3652 tenet
512 3587 553 3650 (16
568 3587 688 3650 comite
706 3586 906 3651 Herefordie.

337 3726 382 3791 Et
396 3726 436 3789 de
451 3746 502 3790 xx.
514 3744 538 3788 6.
557 3724 692 3807 receptis
708 3724 748 3787 de
765 3722 930 3807 Stephano
952 3722 1024 3811 [de]
1048 3725 1193 3789 Ebroicis
1208 3746 1265 3809 pro
1291 3724 1337 3789 di.
1367 3724 1390 3788 1.
1417 3724 1453 3786 16
1480 3723 1683 3798 Brennum,
1710 3718 1797 3804 quod

294 3815 455 3878 Walterus
471 3812 510 3878 de
526 3811 671 3876 Ebroicis
687 3831 790 3894 nuper
806 3812 917 3875 tenuit
930 3812 971 3875 de
986 3813 1101 3876 ecdem
1116 3815 1247 3878 comite.

333 3952 377 4016 Et
392 3951 434 4014 de
449 3970 480 4014 x.
490 3969 517 4014 6.
533 3950 673 4031 receptis
688 3949 728 4012 de
744 3948 891 4013 Jobenne
917 3947 1063 4028 Corbett,
1078 3956 1111 4014 6(
1137 3949 1351 4034 participibus
1378 3949 1456 4023 suis,
1479 3968 1537 4031 pro
1561 3950 1676 4035 quarta
1701 3949 1794 4027 parte

296 4062 352 4106 uu.
369 4039 392 4104 f.
409 4038 444 4102 16
459 4038 658 4104 Boanum.

336 4178 381 4241 Ε(
394 4176 435 4239 (16
450 4197 503 4240 xx.
513 4195 540 4240 6.
557 4175 694 4257 receptis
710 4174 750 4237 dc
765 4172 915 4239 Johenne
931 4176 972 4239 de
988 4176 1093 4240 Frene
1109 4197 1165 4261 pro
1181 4175 1307 4241 (11.1.16
1322 4175 1463 4255 Somou,
1477 4172 1564 4257 quod
1579 4169 1741 4255 Margerie
1755 4168 1796 4232 de

297 4265 398 4329 Frene
413 4284 515 4346 nuper
530 4263 640 4326 tenuit
655 4262 696 4325 de
710 4261 823 4325 eodem
839 4264 969 4329 comite.

336 4402 378 4465 Et
393 4402 433 4464 de
449 4400 493 4465 xl.
503 4418 530 4464 6.
547 4400 686 4482 receptis
701 4398 740 4463 de
756 4398 906 4464 16166666
922 4401 963 4464 (16
980 4401 1111 4465 Mortuo
1123 4401 1214 4480 Mari,
1226 4406 1261 4464 et
1271 4399 1483 4484 participibus
1492 4397 1570 4476 suis,
1583 4416 1640 4479 pro
1651 4394 1792 4459 66.1.16

294 4490 533 4559 Woursnuown
557 4492 591 4550 et
616 4486 746 4565 Fenus,
768 4488 855 4570 quod
881 4487 1031 4551 Jobenna
1056 4489 1097 4553 de
1122 4488 1283 4567 Genevili,
1300 4496 1335 4552 et
1350 4487 1512 4550 walterus
1546 4480 1732 4560 Underlioh‚
1759 4486 1794 4544 6(

296 4577 454 4641 Robertus
469 4575 509 4638 de
524 4572 686 4659 Swyndon
700 4594 804 4659 nuper
819 4580 1011 4642 tennerunt.

338 4714 383 4777 Ε(
396 4714 438 4776 (16
452 4733 504 4778 xx.
516 4732 543 4777 6.
560 4714 698 4795 receptis
713 4713 753 4776 de
769 4697 915 4778 Galiritio
930 4715 969 4778 de
987 4714 1078 4777 Bello
1104 4714 1194 4797 Fago
1219 4734 1276 4797 pro
1302 4714 1348 4778 di.
1374 4712 1399 4779 f.
1415 4713 1451 4775 16
1469 4711 1577 4781 56666
1594 4709 1693 4787 Irscr,
1709 4706 1796 4791 qnod

295 4802 459 4867 Johannes
473 4801 513 4864 de
531 4800 621 4865 Bello
637 4799 726 4885 Fego
740 4820 844 4885 nuper
859 4803 969 4865 tenuit
984 4802 1026 4864 de
1044 4801 1163 4865 honore
1178 4802 1220 4865 de
1236 4800 1355 4865 Weble.

342 4941 385 5003 Ε(
410 4939 451 5002 (16
474 4958 526 5003 xx.
552 4958 579 5004 6.
607 4940 745 5023 receptis
771 4939 810 5002 de
838 4937 1002 5001 Willelmo
1030 4939 1071 5003 (16
1094 4939 1183 5023 Lucy
1209 4958 1266 5022 pro
1289 4939 1335 5007 di.
1363 4938 1386 5001 1.
1415 4939 1450 5000 16
1479 4936 1683 5014 Boocnnsn,
1712 4931 1798 5016 quod

298 5025 476 5093 Petroniila
490 5026 531 5090 de
546 5026 636 5110 Lucy
651 5046 754 5110 nuper
768 5024 879 5089 tenuit
893 5025 934 5089 de
948 5026 1064 5090 eodem
1079 5024 1211 5094 honore.

340 5165 386 5229 Ε(
399 5166 440 5229 (16
455 5164 498 5229 xl.
513 5183 539 5229 6.
556 5164 693 5247 receptis
708 5163 748 5227 de
764 5160 920 5246 Philippo
935 5164 975 5227 de
990 5162 1177 5230 Clanevowe
1192 5186 1250 5249 pro
1265 5161 1356 5233 66.1.’
1371 5166 1406 5227 16
1422 5166 1516 5233 Omen
1531 5164 1699 5238 Pronum,
1713 5158 1799 5243 quod

299 5252 470 5338 Philippus
484 5272 526 5337 ap
539 5250 652 5315 Howel
668 5269 770 5334 nuper
785 5252 893 5313 tenuit
907 5251 947 5315 de
963 5252 1078 5316 eodem
1092 5251 1222 5318 honore.

341 5394 386 5457 Et
401 5393 442 5456 de
457 5412 508 5454 xx.
523 5410 550 5456 e.
566 5388 705 5472 receptis
728 5390 768 5452 de
791 5390 812 5454 J
817 5390 925 5453 611666
950 5393 990 5457 de
1016 5393 1124 5457 Solers
1148 5413 1206 5476 pro
1232 5393 1276 5457 di.
1293 5394 1315 5457 1.
1341 5393 1376 5455 16
1402 5393 1539 5459 Horror
1558 5390 1696 5467 Somne,
1712 5382 1799 5469 qnod

300 5480 439 5545 Thomas
454 5480 493 5543 dc
511 5477 617 5546 Solerr
633 5497 737 5560 nuper
753 5478 862 5541 tenuit
877 5478 918 5541 de
934 5478 1053 5545 honore
1068 5482 1108 5546 de
1123 5480 1256 5564 Kilpek.
