4117 6200
926 603 1006 670 nl).
1025 606 1120 670 1303.
1203 605 1209 621 '
1749 607 1790 670 29

708 813 944 880 Hunoauomi
968 829 1014 878 aa
1039 811 1367 882 OUNKESDYOH.

327 953 440 1022 Abbus
456 953 499 1020 de
516 952 621 1021 Cerne
636 959 729 1021 leuel
745 956 780 1020 in
796 955 1086 1020 Bnocaiswoaun
1104 954 1401 1041 [Baoxaswoaum]
1418 959 1573 1039 quartam
1588 961 1717 1041 partem
1734 977 1790 1021 un.

284 1045 308 1112 f.
319 1046 357 1111 de
366 1045 504 1112 domino
516 1065 602 1134 rege.
649 1043 785 1130 [NichiL
802 1045 881 1130 quia
896 1044 1116 1110 botulusolvil
1127 1045 1164 1108 in
1179 1042 1294 1123 Cerne,
1309 1066 1371 1131 pro
1386 1066 1421 1110 66
1437 1051 1471 1110 61
1487 1045 1679 1111 tenentibus
1693 1043 1788 1132 suia]

329 1159 517 1226 Willelmus
532 1159 573 1224 de
588 1157 710 1224 Sinkee
726 1164 819 1226 tenet
834 1163 989 1246 quartam
1012 1165 1142 1245 partem
1158 1181 1215 1224 un.
1231 1158 1253 1224 f.
1270 1159 1306 1224 in
1321 1158 1578 1224 WYNTERBURN
1602 1161 1792 1246 [wiman-

283 1252 389 1337 BORN]
405 1250 568 1315 Panassa
586 1248 853 1335 [WYNTERBORN
870 1248 1075 1334 lnimnsen]
1091 1250 1132 1316 de
1147 1249 1327 1316 heredibus
1341 1249 1506 1316 Johannie
1522 1251 1563 1318 de
1582 1251 1703 1336 Burgo.

329 1368 447 1432 Pclrus
462 1365 504 1431 de
520 1363 745 1451 Champayne‚
765 1364 889 1449 junior,
917 1369 1009 1430 16661
1036 1369 1190 1450 quartam
1216 1369 1346 1451 parbem
1372 1387 1428 1433 un.
1445 1364 1466 1430 l.
1483 1365 1519 1430 in
1536 1366 1793 1432 WYNTERBURN

285 1455 566 1542 [Wmnunmm]
582 1454 798 1520 Tuoulsuoa
817 1453 858 1520 de
873 1454 1027 1520 Johanne
1042 1454 1084 1520 de
1100 1454 1292 1542 Hyngham.

330 1569 495 1636 Radullue
542 1568 583 1633 de
623 1567 811 1634 Roehelord
862 1573 956 1633 tenet
993 1567 1036 1632 di.
1076 1567 1099 1633 f.
1137 1568 1174 1632 in
1213 1568 1471 1635 Wunmnnam
1510 1569 1793 1655 [wmnnnnona]

284 1659 525 1725 Baianusuaa
541 1654 855 1746 [Binuncnosuaa]
873 1658 914 1722 de
930 1656 951 1723 J
954 1657 1085 1724 ohanne
1101 1658 1142 1723 de
1159 1657 1356 1725 Roehefonl.

330 1773 496 1839 Radulius
532 1773 573 1838 dc
614 1769 798 1838 Chaundui
840 1769 1081 1860 [chaunduyt]
1124 1777 1218 1836 tenet
1255 1771 1417 1839 decimam
1455 1779 1586 1859 partem
1618 1795 1671 1840 ua
1703 1773 1727 1840 f.
1758 1773 1794 1838 in

284 1863 540 1929 Wianaaauau
564 1861 803 1928 Baianosque
820 1861 861 1925 (16
877 1861 980 1927 Petro
997 1860 1173 1946 Mallor(e).

286 1978 499 2154 Hddbssrbes
514 1977 555 2044 de
570 1976 680 2063 Vaym
696 1981 788 2043 tenet
811 1974 969 2042 decimam
993 1980 1123 2062 partem
1146 1997 1201 2041 un,
1218 1975 1244 2042 f.
1261 1974 1297 2040 in
1324 1976 1439 2042 eadem
1455 1977 1544 2055 villa,
1560 1977 1601 2042 de
1617 1976 1737 2064 Luc(a)
1752 1978 1793 2042 (16

329 2183 498 2248 lohannes
524 2183 565 2248 (16
591 2179 714 2248 Siroda
731 2179 880 2270 [Sirode]
898 2184 990 2246 tenet
1017 2186 1170 2248 octavam
1195 2185 1324 2268 parbem
1349 2202 1402 2246 un.
1417 2181 1439 2248 f.
1455 2183 1491 2248 in
1507 2183 1794 2265 Baocxi'swoam

286 2272 600 2359 [Bnoennswomn]
617 2273 658 2338 de
674 2270 850 2358 Nycholao
865 2271 906 2336 de
923 2270 1051 2337 Siroda

330 2388 475 2456 Jacobue
486 2388 528 2453 de
538 2387 665 2454 Mohun
676 2391 769 2454 leuel
780 2393 934 2472 quartam
945 2391 1074 2472 parbem
1090 2405 1145 2451 an.
1159 2385 1182 2450 l.
1193 2386 1229 2449 in
1241 2384 1497 2452 Winuaaaaan
1509 2386 1792 2475 [Wmaeaoan]

285 2477 541 2634 mauseoli
553 2477 593 2543 de
605 2476 760 2544 «Iohanne
770 2477 811 2542 (16
823 2475 1048 2562 Beauchamp.
1097 2473 1196 2560 (Non,
1209 2479 1261 2541 661
1276 2476 1311 2540 in
1327 2477 1458 2563 eocagio
1473 2497 1532 2561 per
1541 2477 1794 2562 inquisicionem

330 2572 475 2752 Jacobm
499 2683 540 2750 (16
565 2679 685 2749 Trowe
712 2681 863 2770 [Trawe]
890 2687 983 2747 aenei
1008 2685 1164 2767 quartam
1190 2685 1321 2768 partem
1346 2680 1624 2748 animcadum
1648 2682 1730 2748 villa
1752 2685 1794 2751 (16

287 2771 453 2842 Herberto
471 2773 511 2840 de
527 2773 651 2840 Sancto
666 2773 836 2854 Quinlino.

286 2980 307 3045 d
331 2889 503 3048 Jsobaldnes
518 2888 559 2955 de
575 2887 713 2955 Ioverle
737 2892 832 2954 16661
856 2891 1007 2955 octavam
1035 2891 1165 2975 partem
1193 2907 1248 2952 un.
1264 2885 1286 2953 f.
1302 2887 1338 2951 in
1354 2885 1469 2954 eadem
1485 2885 1567 2953 villa
1589 2887 1631 2953 do
1647 2885 1794 2954 Waltero

309 3001 327 3046 c
368 3003 388 3046 o
442 3002 472 3046 n.

332 3094 482 3183 Rogerue
498 3093 538 3161 (16
555 3093 784 3181 Wynberburn
801 3090 1060 3180 [Wynterborn]
1076 3099 1169 3161 16661
1191 3095 1345 3179 quartam
1361 3096 1491 3181 parbem
1507 3116 1563 3161 un.
1577 3091 1599 3159 f.
1617 3093 1652 3159 in
1676 3092 1791 3160 eadem

286 3186 367 3251 m'lla
382 3186 424 3252 (16
440 3183 606 3252 Herberto
621 3182 803 3252 deSanclo
819 3182 990 3265 Quintiae.
1038 3184 1239 3270 [Socagium
1255 3204 1330 3250 cum
1347 3184 1473 3249 Briano
1489 3184 1530 3249 (16
1545 3185 1748 3271 Turbcrvil.]

285 3388 306 3457 d
332 3300 553 3459 {fficwoff
569 3298 729 3386 Lyileion
753 3304 847 3366 tenet
871 3302 1028 3383 quartam
1053 3303 1183 3384 partem
1198 3318 1253 3365 aa
1271 3296 1293 3365 f.
1310 3298 1346 3362 in
1362 3298 1547 3364 hammon
1573 3300 1613 3364 (16
1639 3299 1662 3366 J
1663 3298 1794 3366 ohanne

309 3413 327 3456 e
411 3411 465 3459 co
546 3411 591 3456 ro.

757 3606 988 3678 wouuaaa
1012 3607 1286 3695 [woaaoem.

333 3746 497 3907 Hffimia
507 3748 549 3818 (16
565 3749 706 3838 Kaynes
717 3754 810 3818 leuel
825 3749 952 3818 cumn
968 3744 1123 3836 [Conna]
1139 3748 1286 3815 ΚΔΥΝΙ
1298 3751 1339 3817 de
1348 3771 1427 3838 rege
1439 3751 1459 3816 i.
1475 3770 1501 3819 c.
1517 3772 1593 3821 cum
1603 3755 1797 3823 tenentibus

288 3861 502 4025 prdohbiinea
527 3956 568 4022 de
594 3954 693 4023 Novo
725 3955 839 4043 Burgo
865 3960 958 4023 leuel
984 3954 1069 4022 duaa
1092 3959 1206 4043 paries
1247 3975 1302 4021 un
1336 3954 1359 4021 1.
1396 3956 1433 4020 in
1470 3956 1538 4023 Eua
1570 3957 1796 4026 Loanwoalfl

288 4046 568 4132 [Lonmwoamn
583 4046 676 4133 (ele)]
692 4046 734 4112 de
749 4045 903 4113 Johenne
917 4047 959 4112 de
975 4046 1111 4113 Rachee.

330 4159 518 4227 willelmus
558 4159 598 4225 (16
638 4159 743 4227 Stoke
781 4165 874 4226 tenet
912 4160 1028 4225 Sioua
1058 4163 1094 4224 el
1123 4158 1292 4225 Sanctam
1322 4159 1502 4226 Annaeum
1544 4167 1578 4228 61
1623 4164 1794 4230 Bucinna

286 4249 489 4316 lelscna
504 4248 675 4334 [Hauon]
692 4250 732 4314 de
748 4249 883 4316 domino
898 4249 1046 4316 Roberio
1060 4249 1130 4314 filio
1145 4248 1272 4336 Pagani
1288 4270 1348 4336 pro
1365 4250 1453 4335 liijta.
1469 4258 1565 4337 parte
1576 4252 1602 4337 j.
1619 4252 1644 4317 f.

331 4363 492 4431 Issabella
507 4364 547 4429 de
564 4363 733 4449 Boiyllers
748 4363 919 4449 [Belalire]
947 4368 1041 4431 tenet
1067 4364 1229 4430 decimam
1255 4368 1383 4449 panem
1395 4364 1420 4448 j.
1436 4364 1460 4429 f.
1484 4366 1521 4429 in
1537 4365 1796 4434 (inmanem

286 4454 326 4519 de
341 4454 495 4521 «Iohanne
510 4454 552 4519 (16
567 4453 660 4519 Bello
675 4452 809 4540 Campe,
825 4454 876 4538 (61
890 4454 961 4540 ipse
976 4454 1018 4519 de
1034 4453 1156 4519 abbate
1171 4451 1307 4535 added).
1355 4452 1531 4537 Serjantia

296 4608 300 4618 ·
329 4567 439 4637 Adam
471 4568 523 4634 Hc
642 4574 734 4635 tenet
762 4574 916 4655 quartam
944 4572 1072 4656 partem
1093 4566 1120 4653 j.
1145 4566 1168 4634 f.
1195 4568 1231 4632 in
1259 4564 1477 4633 cnmmnou
1504 4570 1545 4636 (16
1578 4570 1723 4639 Roberto
1753 4576 1796 4643 do

288 4658 466 4747 Cayngnes
481 4658 566 4743 (6611.
637 4660 743 4745 ynee).

331 4774 481 4864 Rogcrus
507 4774 548 4841 (16
573 4773 678 4841 Boeco
701 4779 795 4841 benet
833 4779 987 4861 quartam
1014 4780 1144 4861 partem
1166 4774 1191 4861 j.
1219 4773 1241 4839 f.
1267 4772 1303 4839 in
1331 4772 1638 4846 wmnnmosnnnn
1666 4782 1797 4867 [111161-

289 4866 481 4949 lelaaasua]
496 4864 538 4930 (16
556 4863 721 4932 Willclmo
738 4864 769 4929 16
784 4864 909 4952 Gouys.
956 4863 1148 4952 [Socagium
1163 4885 1238 4932 cam
1255 4864 1378 4932 Briano
1393 4866 1594 4955 Turborvil]

331 4978 504 5046 lohannes
519 4989 554 5045 el
570 4978 682 5046 Hamo
692 4979 733 5044 de
746 4978 942 5069 Ryngsbede
956 4984 1076 5046 tenent
1089 4984 1242 5047 octavam
1254 4984 1385 5067 partem
1395 4981 1421 5068 j.
1436 4982 1459 5049 f.
1477 4984 1514 5049 in
1529 4984 1644 5051 eadem
1657 4986 1739 5051 villa
1757 4989 1798 5053 de

287 5068 433 5137 waltero
449 5069 491 5136 de
506 5068 663 5137 Haddun.

331 5183 443 5253 Abbaa
481 5182 523 5249 de
575 5182 772 5269 Myddelmn
821 5182 1013 5269 [Midelion]
1052 5189 1147 5250 16661
1192 5185 1420 5253 duodecimam
1458 5194 1588 5274 parbem
1632 5191 1658 5278 j.
1697 5190 1721 5257 f.
1761 5192 1798 5257 in

289 5270 550 5341 anninosmm
564 5272 604 5339 de
621 5272 785 5340 Niebolao
800 5274 967 5359 Anlyoeh.
1013 5274 1153 5358 [Niehil
1168 5275 1247 5361 quia
1263 5276 1441 5344 elemosina
1456 5299 1516 5365 per
1531 5280 1760 5366 veredicium]

332 5390 425 5458 Idem
442 5387 545 5455 abbas
560 5394 653 5456 bonel
677 5390 904 5456 duodecimam
920 5394 1050 5475 pomam
1074 5390 1101 5476 j.
1114 5390 1134 5457 f.
1150 5392 1186 5455 in
1203 5392 1316 5457 calem
1333 5393 1415 5458 villa
1429 5394 1471 5459 de
1486 5394 1608 5461 abbate
1624 5397 1664 5461 de
1682 5396 1798 5461 Cerne.

290 5474 424 5561 [Niehil
437 5480 517 5565 quia
538 5484 656 5547 teneus
671 5480 802 5546 abbatis
818 5480 859 5544 de
876 5478 1005 5564 Cema]
