4117 6200
294 585 358 648 128
966 586 1154 656 DORSET.

336 823 539 910 Reginaldus
566 823 664 900 West,
695 824 848 890 dominus
886 826 927 891 de
954 825 987 889 la
1014 826 1139 903 Warre,
1170 827 1323 905 chivaler,
1347 832 1440 893 tenet
1463 827 1596 893 diverse
1623 833 1729 893 terras
1759 832 1794 891 et

292 918 482 1070 pleIpefmfflta
511 915 547 979 in
578 914 785 992 Muroomrs,
817 915 852 979 in
883 916 997 981 eodem
1027 916 1210 998 hundredo,
1241 938 1301 1003 per
1331 916 1507 982 servicium
1539 924 1657 1003 quarte
1689 918 1795 1003 partis

335 1116 508 1183 Predictus
525 1118 731 1184 Hnmfredus
757 1094 902 1183 Stcfford
935 1124 1025 1185 tenet
1051 1120 1183 1185 diversa
1208 1127 1313 1187 terres
1338 1127 1371 1187 et
1398 1128 1588 1187 tenements
1614 1123 1650 1186 in
1680 1122 1793 1186 eadem

291 1207 382 1285 villa,
397 1230 456 1295 per
471 1208 646 1274 servicium
663 1214 779 1295 quarte
796 1211 901 1295 partis
917 1232 970 1273 un.
987 1210 1010 1274 f.
1027 1232 1070 1276 m.

336 1322 491 1387 Johanna
521 1323 713 1411 Intebargh,
744 1325 784 1389 de
814 1324 1064 1411 Touerspudeli,
1088 1326 1124 1390 in
1152 1328 1313 1394 comitatu
1344 1326 1491 1406 Dorsete,
1522 1327 1678 1403 wcdewe,
1701 1332 1794 1392 tenet

292 1412 476 1565 mensorium
500 1413 539 1477 de
556 1413 854 1492 Enni'rteuswntn,
871 1414 1035 1480 incudem
1064 1417 1245 1495 hundred0‚
1260 1439 1320 1503 per
1343 1418 1519 1483 servicium
1545 1423 1662 1502 quarte
1687 1418 1792 1502 partis

292 1522 346 1565 un.
380 1524 445 1566 .m.

337 1615 507 1681 Johannes
535 1618 655 1694 Ooker,
673 1617 714 1683 de
739 1618 928 1704 Mapondre,
944 1618 979 1683 in
1006 1620 1167 1685 comitatu
1195 1620 1343 1699 Dorsete,
1370 1621 1523 1711 armiger,
1546 1627 1639 1687 tenet
1663 1622 1795 1687 diversa

293 1710 397 1809 terres
414 1712 448 1771 et
462 1712 653 1859 tesnementa
668 1707 704 1771 in
720 1706 1009 1785 STOURMYNSTRE,
1025 1710 1059 1773 in
1075 1709 1189 1776 eodem
1213 1710 1395 1788 hundred0‚
1413 1732 1472 1797 per
1486 1712 1662 1778 servicium
1679 1718 1795 1777 octavo

293 1802 398 1880 partrs
414 1818 469 1860 un.
502 1846 509 1861 .
526 1818 568 1861 m.

339 1911 510 1976 Predictus
527 1911 693 1977 Robertus
710 1912 875 1998 Latymcr,
887 1912 1042 1991 ehivaler,
1058 1918 1151 1981 tenet
1168 1916 1349 1980 manerium
1365 1914 1406 1979 de
1421 1916 1617 1992 Donuvssn,
1633 1917 1669 1981 in
1680 1916 1795 1981 eodem

293 1998 473 2077 hundredo,
485 2022 545 2087 per
559 2001 736 2067 servicium
753 2008 871 2087 quarte
887 2003 992 2087 partis
1008 2024 1063 2067 un.
1079 2003 1099 2066 f.
1116 2026 1157 2069 m.

337 2113 508 2179 Johannes
535 2114 730 2203 Neuburgh,
749 2115 874 2199 junior,
899 2116 939 2181 de
967 2115 1201 2196 Lullevvorthe,
1228 2120 1264 2182 in
1290 2119 1450 2184 comitatu
1478 2118 1627 2198 Dorsete,
1641 2120 1794 2207 armiger,

292 2208 385 2358 tenpt
401 2205 581 2357 manefrirlplm
598 2204 639 2270 de
655 2204 1020 2283 Gunuvranswor'rou,
1036 2207 1071 2271 in
1087 2207 1202 2273 eodem
1218 2208 1400 2285 hundredo,
1411 2230 1471 2295 per
1485 2209 1659 2275 servicium
1676 2218 1795 2295 quarte

293 2315 468 2379 parison.
503 2344 509 2357 .
562 2345 568 2359 .

337 2405 359 2472 J
361 2407 507 2473 ohannes
524 2406 634 2485 Bolur,
650 2408 691 2472 de
707 2408 888 2494 Dontyssh‚
904 2408 940 2473 in
956 2409 1070 2475 ecdem
1086 2410 1267 2489 hundredo,
1282 2434 1415 2497 yomsn,
1431 2418 1523 2478 tenet
1544 2412 1676 2477 diversa
1691 2419 1796 2479 terras

293 2502 327 2562 et
343 2502 532 2563 tenemento
548 2498 583 2561 in
599 2497 787 2563 Donrrssfl
804 2498 960 2584 predicte,
976 2521 1037 2586 per
1052 2500 1229 2566 servicium
1245 2508 1361 2567 octave
1375 2502 1482 2588 partis
1499 2524 1551 2566 un.
1565 2502 1588 2567 i.
1605 2524 1647 2568 m.

338 2611 481 2676 Thomas
497 2612 702 2689 Blskemore,
718 2611 760 2677 de
776 2611 922 2689 Wotton‚
939 2613 974 2675 in
995 2614 1109 2679 eodem
1136 2614 1319 2693 hundredo,
1330 2615 1523 2701 gentilman,
1549 2621 1642 2683 tenet
1665 2617 1795 2683 diversa

293 2706 399 2855 pgrps
406 2710 448 2854 gt
466 2706 656 2766 tenemento
678 2702 714 2765 in
730 2701 1085 2767 GLAMVYnuswovTort
1101 2704 1257 2791 predicta,
1283 2726 1341 2790 per
1357 2706 1534 2771 servicium
1550 2706 1675 2772 decime
1690 2707 1796 2793 partis

338 2905 361 2970 J
362 2906 508 2971 ohannes
530 2905 692 2983 oounton,
705 2905 746 2969 de
763 2904 952 2991 Mapoudre,
964 2906 1000 2970 in
1015 2907 1175 2973 comitatu
1191 2908 1338 2985 Dorsete,
1349 2909 1541 2995 gentilman,
1557 2915 1651 2976 tenet
1666 2911 1797 2977 diversa

292 3002 399 3149 terrpe
430 3001 463 3060 et
494 2999 684 3060 tenementa
714 2996 749 3058 in
781 2995 981 3060 Meconem:
1019 2996 1178 3082 predicta,
1216 3020 1275 3084 per
1313 2999 1489 3064 servicium
1527 2999 1651 3066 decime
1690 3004 1796 3087 partis

294 3108 348 3151 un.
382 3109 446 3150 .m.

338 3200 490 3268 Predictu
505 3200 638 3266 domina
646 3200 669 3265 J
670 3201 803 3266 ohanne
811 3201 928 3266 Brouk
938 3208 1032 3268 tenet
1041 3203 1171 3269 diversa
1182 3209 1287 3270 terres
1299 3211 1334 3271 et
1343 3212 1533 3273 tenementa
1544 3207 1581 3270 in
1597 3207 1796 3273 Maroneus

292 3292 448 3378 predicta,
464 3313 524 3377 per
539 3291 714 3356 servicium
731 3290 855 3357 decime
870 3292 976 3376 partis
992 3315 1047 3357 un.
1064 3292 1088 3357 f.
1106 3315 1148 3358 m.

338 3405 525 3470 Willclmus
542 3405 673 3491 Pukyn,
685 3406 726 3471 de
742 3405 940 3484 Sarisburiu,
952 3407 988 3473 in
1004 3408 1166 3474 comitatu
1181 3410 1310 3487 Wiltes,
1325 3411 1479 3496 armiger,
1491 3411 1591 3478 habet
1606 3417 1641 3479 et
1656 3413 1798 3500 percipit

292 3518 396 3561 unum
419 3516 568 3560 annuum
586 3495 754 3560 redditum
781 3497 891 3561 oneris
915 3519 970 3562 see
997 3496 1167 3576 librarum,
1184 3501 1381 3566 exenncium
1407 3501 1449 3565 de
1474 3501 1615 3567 diversis
1641 3504 1738 3567 terris
1762 3509 1796 3568 ct

293 3585 491 3651 tenementis
506 3585 541 3648 in
554 3585 755 3648 Maroneus
769 3585 928 3671 predicta,
944 3592 979 3651 et
993 3587 1071 3652 inde
1087 3589 1221 3653 seisitus
1236 3595 1294 3668 est,
1308 3598 1347 3654 ut
1364 3593 1404 3655 de
1419 3591 1522 3656 libero
1538 3595 1735 3658 tenemento.

339 3699 383 3762 Et
400 3697 539 3762 ulterius
563 3697 703 3783 predicti
727 3698 894 3783 juratores
921 3700 1047 3778 dicunt,
1063 3701 1152 3786 quod
1176 3724 1289 3768 omnes
1315 3725 1453 3790 persone
1478 3705 1711 3791 suprascripte,
1727 3713 1797 3770 tam

292 3788 373 3854 laice
388 3810 487 3874 qnam
515 3787 714 3873 spirituales,
730 3788 841 3853 seisite
863 3788 999 3854 fuerunt
1023 3789 1061 3854 in
1085 3791 1249 3858 dominico
1264 3814 1325 3857 suo
1349 3798 1389 3858 ut
1414 3793 1454 3856 (le
1478 3793 1582 3858 libero
1608 3801 1797 3860 tenemento

292 3879 334 3942 de
361 3877 517 3942 maneriis
543 3877 649 3954 terris,
676 3878 875 3944 tenementis
900 3884 935 3944 et
962 3879 1146 3945 redditibus
1170 3882 1322 3968 superius
1349 3883 1553 3968 specificatis,
1580 3882 1633 3948 die
1659 3883 1796 3949 Veneris

291 3968 443 4054 proximo
467 3973 545 4032 ante
571 3966 696 4032 festum
727 3967 842 4034 Sancti
869 3968 1006 4033 Hillurii
1037 3969 1157 4035 ultimo
1184 3971 1391 4057 preteritum,
1419 3970 1576 4038 videlicet
1606 3973 1712 4060 primo
1742 3974 1796 4038 die

292 4057 503 4144 parliamenti
520 4057 554 4120 in
571 4057 668 4122 dictis
683 4056 789 4122 literis
805 4058 998 4143 patentibus
1012 4060 1200 4147 specificati,
1217 4061 1363 4126 modoet
1388 4061 1496 4125 forms
1522 4071 1621 4146 prout
1645 4063 1796 4148 superius

289 4169 349 4235 per
380 4147 479 4212 istam
509 4145 760 4231 inquisicionem
799 4153 1005 4234 compertum
1044 4154 1103 4214 est.
1151 4150 1193 4214 In
1235 4151 1331 4235 cujus
1368 4151 1416 4215 rei
1454 4151 1688 4217 testimoninm
1720 4152 1798 4219 huic

291 4236 501 4324 inquisicioni
513 4235 679 4321 juratores
692 4237 832 4323 predicti
849 4238 959 4324 sigilla
974 4259 1034 4304 sua
1049 4244 1285 4326 apposuerunt.
1331 4241 1467 4317 Datum,
1483 4241 1564 4319 loco,
1579 4242 1633 4307 die
1648 4246 1683 4309 et
1708 4265 1797 4310 enno

291 4325 501 4414 supradictis.
