4117 6200
933 637 1017 705 AJ).
1043 641 1138 706 1431.
1713 641 1775 706 375

326 908 474 981 Johenna
488 919 593 986 Reson
608 920 648 986 de
663 922 776 988 eadem
791 925 936 1006 civitate,
952 926 985 989 in
1001 927 1165 992 comitatu
1178 925 1338 1011 predicto,
1354 923 1505 1012 wydewe,
1524 929 1615 989 tenet
1638 929 1777 1010 quatuor

285 1005 449 1086 mesuagin
463 1006 497 1068 in
512 1007 599 1073 dicta
613 1011 747 1076 civitate
762 1012 798 1075 in
812 1010 980 1098 burgagi0,
996 1034 1059 1098 que
1075 1015 1183 1078 valent
1199 1035 1390 1099 perannum
1404 1013 1492 1078 ultre
1506 1015 1641 1099 reprisns
1692 1012 1735 1077 xl.
1747 1032 1774 1078 s.

327 1133 508 1208 Willelmnn
533 1145 790 1234 Chanmberlcyn
814 1151 854 1214 de
879 1147 1118 1234 Suthnmptcn',
1143 1151 1179 1214 in
1208 1153 1367 1215 comitatu
1396 1151 1551 1234 predicte,
1582 1150 1776 1235 gentilman,

282 1225 374 1326 tenet
389 1226 454 1292 dno
468 1235 651 1300 tenementn
666 1237 701 1300 in
717 1237 830 1302 ecdem
855 1239 987 1304 civitate
1009 1239 1045 1302 in
1068 1239 1236 1324 burgagio,
1250 1258 1312 1325 qne
1325 1239 1436 1302 valent
1460 1258 1517 1322 per
1542 1258 1665 1301 annum
1690 1237 1777 1300 ultra

282 1328 418 1393 reprrsas
447 1350 1476 1378 ........
1519 1325 1605 1409 xxvj.
1616 1344 1642 1390 s.
1659 1323 1729 1408 viij.
1741 1321 1775 1388 d.

325 1447 369 1512 Et
384 1451 498 1518 dicunt
512 1457 649 1522 ulterius
660 1458 821 1544 juratores
835 1462 973 1547 predicti
988 1461 1076 1545 quod
1090 1481 1201 1525 omnes
1215 1481 1348 1544 persone
1368 1461 1562 1544 supradicte,
1577 1461 1631 1524 die
1644 1459 1777 1522 Veneris

281 1539 425 1638 prpximo
439 1547 515 1606 ante
530 1543 650 1610 festum
666 1547 779 1612 Sancti
793 1550 938 1628 Hillnrii,
953 1569 1037 1612 anno
1052 1548 1144 1632 regni
1159 1549 1283 1612 domini
1297 1550 1385 1632 regis
1400 1568 1486 1612 nunc
1505 1568 1599 1626 nono,
1615 1546 1778 1621 videlicet,

280 1641 384 1704 primo
398 1627 453 1692 die
467 1631 579 1696 ultimi
594 1636 811 1716 parliamenti,
826 1639 931 1702 scisiti
946 1636 1080 1700 fuerunt
1094 1635 1135 1699 de
1151 1637 1248 1699 dietis
1268 1637 1432 1716 maneriis,
1449 1635 1556 1718 terris,
1572 1635 1777 1710 tenementis,

280 1715 314 1770 et
329 1713 509 1783 redditibus
524 1721 559 1784 in
575 1720 737 1787 dominico
754 1745 822 1801 suo,
836 1729 874 1789 ut
890 1725 931 1789 de
946 1723 1048 1786 libero
1063 1728 1260 1789 tenemento.

321 1848 363 1914 In
378 1852 471 1936 cujus
486 1859 532 1921 rei
548 1859 773 1926 testimonium
789 1866 858 1926 tam
873 1862 1014 1948 predicti
1030 1861 1264 1925 comissicncrir
1278 1879 1375 1944 quem
1390 1858 1510 1944 prefati
1520 1857 1682 1942 juratores
1698 1858 1776 1921 huic

273 1939 469 2018 nquisicioni
485 1945 594 2030 sigilla
609 1967 665 2012 sue
680 1956 917 2033 apposuerunt.
963 1949 1089 2013 Datum
1104 1949 1186 2028 loco,
1201 1948 1266 2029 die,
1284 1953 1318 2012 et
1333 1967 1418 2010 nnnc
1434 1944 1642 2030 supradictis.
