4117 6200
296 606 358 671 184
964 598 1112 670 ESSEX.

338 897 502 962 Particulc
537 896 681 981 compoti
716 894 875 961 Johannis
912 894 1062 980 Helyoun
1111 896 1153 959 de
1197 892 1455 980 Fynchyngleld,
1504 894 1638 958 Henrici
1683 893 1785 977 Alcyn

292 983 332 1048 de
358 984 528 1063 Boxstede,
557 984 691 1049 Roherti
720 983 885 1068 Heigham
918 983 960 1046 de
989 982 1208 1069 Goldhaugre,
1238 980 1362 1046 'l’home
1391 981 1503 1045 Aldres
1532 981 1573 1046 de
1610 981 1784 1067 Hengbam

294 1071 400 1152 Sibill,
416 1072 536 1157 Rogeri
550 1072 734 1156 Deynoourt
759 1071 799 1135 de
814 1072 1026 1156 Upmynster,
1042 1068 1165 1135 Thome
1179 1069 1318 1155 Prcntys
1343 1069 1384 1135 de
1398 1067 1626 1149 Chelmesiord,
1650 1068 1785 1133 Roberti

294 1157 410 1243 Smyth
432 1160 475 1223 de
499 1158 676 1237 Waltham,
701 1163 736 1223 et
758 1156 916 1223 Johannis
940 1154 1058 1242 Smyth
1083 1157 1124 1223 dc
1146 1156 1178 1221 N
1180 1162 1284 1236 orton,
1309 1157 1516 1221 collectorum
1534 1161 1602 1221 tam
1617 1155 1785 1241 cujusdam

294 1246 432 1311 subsidii
454 1246 498 1330 vj.
513 1270 541 1313 s.
569 1247 638 1330 viij.
653 1248 685 1312 d.
712 1246 754 1309 de
767 1245 910 1330 qnalibet
924 1244 1075 1330 parocbia
1089 1244 1173 1310 inira
1186 1246 1376 1309 comitatem
1390 1245 1530 1316 lisscrrie¹
1546 1243 1639 1327 cujus
1653 1244 1787 1307 ecclesia

293 1353 359 1397 non
372 1336 514 1413 taxatur,
527 1338 586 1398 aut
598 1338 677 1397 ante
692 1335 889 1417 quindenam
904 1332 1015 1397 Sancti
1029 1331 1200 1397 Michaelis
1220 1331 1337 1398 ultimo
1360 1332 1550 1416 preteritam
1571 1335 1682 1397 taxata
1706 1336 1786 1411 erat,

292 1420 379 1484 inira
406 1440 567 1485 summam
596 1442 628 1486 ιι.
657 1441 836 1486 marcarum
865 1440 923 1504 per
951 1441 1085 1499 annum,
1114 1421 1239 1504 inqua
1266 1420 1377 1484 decem
1403 1439 1538 1505 persone
1563 1417 1784 1482 inhabitantes

292 1508 460 1572 domicilia
488 1513 637 1573 tenentes
665 1509 822 1589 existunt,
852 1508 1042 1571 deitatibus
1070 1512 1106 1571 et
1134 1508 1244 1592 burgis
1272 1508 1357 1571 inira
1386 1508 1578 1571 comitatum
1603 1506 1785 1591 predictum

292 1595 508 1660 existentibus
522 1596 695 1660 dumtaxat
708 1595 862 1679 exceptis,
877 1615 975 1679 quam
989 1594 1158 1679 cujusdam
1173 1594 1308 1659 subsidii
1324 1595 1392 1679 xiij.
1407 1618 1433 1660 a.
1450 1595 1512 1679 iiij.
1525 1596 1557 1659 ιι.
1574 1594 1615 1658 de
1639 1592 1786 1677 quelibet

292 1681 444 1765 parochia
466 1681 552 1748 infra
573 1684 766 1748 comitatum
790 1682 985 1767 predictum,
1010 1682 1108 1746 dictis
1132 1682 1321 1747 civitatibus
1345 1687 1380 1747 et
1402 1682 1513 1768 burgis
1528 1683 1681 1764 exceptis,
1694 1680 1786 1764 cujus

293 1768 856 1855 ecclesiasingulariteradsummam
864 1769 975 1835 decem
984 1790 1161 1834 marcarum
1168 1790 1355 1854 perannum
1365 1773 1441 1833 ante
1450 1770 1583 1834 eandem
1591 1767 1787 1852 quindenam

291 1856 473 1935 taxabatur,
496 1863 530 1921 et
556 1860 602 1922 sic
625 1858 909 1943 propassionaliter
932 1856 1132 1922 ascendendo
1153 1858 1247 1942 juxta
1274 1862 1377 1923 ratam
1401 1861 1474 1921 taxe
1504 1856 1679 1940 cujuslibet
1708 1855 1783 1919 talis

292 1945 426 2009 ecclesie
440 1946 537 2025 tacte,
552 1945 728 2010 dummodo
742 1946 778 2010 in
791 1945 904 2010 eadem
918 1945 1069 2029 parochia
1082 1950 1195 2009 decem
1216 1964 1349 2030 persone
1375 1943 1596 2008 inhabitantes
1622 1942 1785 2006 domicilia

291 2037 440 2096 tenentes
465 2033 616 2097 similiter
642 2034 795 2113 existant,
809 2032 949 2096 uceciam
976 2032 1146 2116 cujusdam
1169 2031 1306 2096 subsidii
1324 2032 1360 2116 ij.
1376 2055 1403 2099 a.
1420 2032 1461 2095 de
1475 2031 1620 2115 qualibet
1635 2027 1785 2115 parochia

293 2119 378 2182 iufra
391 2120 539 2185 civitates
554 2125 588 2185 et
601 2120 719 2206 burgos
733 2119 895 2184 consimili
909 2118 1005 2183 modo
1020 2124 1054 2183 et
1069 2119 1171 2183 forma
1195 2120 1388 2201 inhabitata,
1403 2118 1495 2204 cujus
1522 2118 1656 2183 ecclesia
1671 2117 1785 2181 valuns

292 2207 393 2269 annui
423 2228 475 2272 xx.
500 2231 527 2273 ι.
558 2208 680 2286 existit,
709 2212 745 2271 et
774 2208 820 2270 sic
847 2206 1046 2271 ascendendo
1071 2206 1167 2291 juxta
1192 2212 1295 2272 ratam
1323 2227 1424 2290 usquc
1450 2206 1495 2271 ad-
1516 2225 1723 2290 suppremum
1751 2207 1785 2268 et

292 2294 472 2357 maximum
485 2294 623 2359 valorem
637 2294 811 2380 cujuslibet
824 2295 900 2359 talis
914 2293 1056 2371 ecclesie,
1067 2314 1125 2378 per
1139 2294 1265 2359 debitus
1279 2294 1507 2377 inquisiciones
1522 2293 1599 2357 inde
1613 2292 1784 2370 faciendas,

291 2399 419 2445 necnon
444 2381 612 2466 cujusdam
633 2381 769 2446 subsidii
795 2381 839 2466 vj.
853 2405 880 2447 a.
896 2381 965 2465 xiij.
980 2382 1012 2446 d.
1041 2381 1081 2445 de
1106 2381 1250 2466 qualibet
1275 2402 1410 2466 persona
1433 2382 1544 2447 saisita
1569 2381 1609 2445 de
1633 2380 1726 2444 terris
1751 2385 1785 2443 et

292 2470 488 2533 tenementis
512 2470 596 2533 inira
618 2471 806 2534 comitatem
824 2468 1015 2552 ⁴predictum
1041 2470 1076 2533 ιιι
1101 2469 1263 2533 dominico
1278 2489 1336 2533 suo
1359 2475 1398 2534 ut
1412 2470 1451 2534 de
1465 2469 1565 2533 libero
1586 2472 1784 2546 tenemento,

272 2576 354 2639 ·qne
375 2561 479 2620 terras
502 2563 536 2622 st
560 2561 749 2621 tenementa
773 2556 885 2621 eadem
910 2575 1046 2640 persona
1060 2558 1304 2641 possessionata,
1319 2578 1374 2621 seu
1396 2576 1529 2642 persone
1543 2556 1785 2639 possessionate,

291 2647 392 2722 tenet,
407 2664 466 2707 seu
481 2648 596 2709 tenent
609 2644 796 2707 immediate
811 2664 868 2727 per
881 2644 1049 2729 integrum
1063 2642 1196 2707 feodum
1210 2644 1383 2723 militiast
1400 2646 1445 2708 sic
1454 2644 1552 2727 juxta
1565 2649 1670 2707 ratam
1684 2662 1784 2725 usque

291 2729 332 2792 ad
346 2735 495 2813 quartam
518 2736 645 2814 partem
670 2730 694 2794 f.
718 2752 763 2796 m.
787 2730 955 2811 inclusive,
978 2731 1228 2816 possessionibus
1253 2728 1482 2815 temporalibus
1507 2731 1727 2806 decimalibus,
1749 2750 1785 2793 ac

291 2817 521 2900 possessoribus
535 2817 709 2882 earundem
732 2838 790 2903 pro
815 2818 938 2882 eisdem
963 2819 1227 2903 possessionibus,
1250 2821 1403 2903 exceptis,
1424 2820 1491 2903 regi
1517 2819 1657 2883 Henrico
1681 2814 1735 2901 vj‘⁰
1751 2816 1786 2880 in

290 2903 506 2987 parliamento
543 2925 600 2969 suo
636 2905 722 2990 apud
753 2906 1090 2984 Westmonesterium,
1125 2926 1210 2971 anno
1245 2908 1338 2990 regni
1375 2909 1426 2973 sui
1457 2905 1510 2990 vj⁸⁰
1540 2927 1559 2969 a
1584 2905 1676 2969 laicis
1700 2903 1785 2968 inira

291 2992 482 3057 comitatum
520 2993 704 3077 predictum
741 3012 971 3073 concessorum,
1006 2992 1198 3058 solvendum
1234 2992 1389 3059 videlicet
1434 2994 1558 3059 dictum
1604 2992 1785 3058 subsidium

290 3076 516 3162 parochiarum
542 3081 577 3144 in
603 3080 689 3146 festo
711 3080 916 3146 Ponticostes
938 3082 1084 3165 proximo
1103 3079 1224 3160 futuro,
1239 3103 1275 3146 ac
1291 3082 1418 3147 dictum
1433 3081 1613 3147 subsidium
1627 3080 1785 3144 dictorum

289 3165 454 3232 feodorum
469 3169 624 3248 militum,
640 3188 795 3232 unacum
810 3168 962 3252 predictis
975 3169 1056 3234 ratis
1070 3169 1243 3233 eorundem
1258 3171 1298 3235 ad
1313 3170 1434 3236 festum
1457 3169 1649 3234 Natiuitatis
1673 3167 1784 3231 Sancti

289 3252 450 3318 Johannis
464 3254 612 3340 Baptiste
626 3256 773 3340 proximo
787 3256 945 3337 futurum,
959 3276 1018 3341 per
1032 3256 1126 3321 breve
1140 3257 1226 3342 regis
1239 3256 1279 3322 de
1298 3277 1416 3344 magno
1439 3257 1547 3343 sigillo
1572 3277 1630 3322 suo
1655 3259 1784 3341 patena,
1917 3297 1921 3306 ·

290 3341 406 3407 datum
426 3379 514 3392 —-
535 3343 589 3408 die
615 3343 746 3428 Aprilis,
771 3364 857 3408 anno
879 3341 935 3428 vj‘0
953 3344 1087 3428 prefatis
1112 3344 1337 3409 collectoribus
1361 3347 1531 3425 directum,
1546 3349 1580 3409 et
1606 3363 1703 3428 penes
1726 3339 1784 3405 has

290 3430 466 3515 particulas
479 3449 658 3499 remanens.

745 3749 965 3817 Honorancu
988 3772 1032 3817 aa
1054 3751 1336 3821 ROOHEFORD.

333 3912 479 3977 Ecclesia
493 3911 535 3979 de
544 3913 745 3982 Rocnsroan
757 3917 869 3980 taxata
882 3919 952 3980 erat
966 3916 1156 4000 abantiquo
1171 3917 1213 3981 ud
1226 3937 1278 3981 xv.
1299 3937 1433 3982 marcas.
1477 3917 1677 3997 Subsidium,
1692 3938 1743 3981 xx.
1758 3940 1785 3984 a.

333 4051 480 4117 Ecclesia
494 4051 534 4118 dc
549 4053 768 4121 Pananrsnsu
784 4058 914 4120 taxatur
928 4055 1121 4140 abantiquo
1135 4056 1176 4121 ad
1195 4055 1252 4142 xij.
1268 4077 1398 4124 marcas.
1446 4055 1646 4137 Subsidium,
1656 4055 1720 4142 xvj.
1735 4079 1763 4122 a.

333 4185 475 4252 Eccleda
489 4187 528 4252 dc
543 4189 651 4256 Psavs
668 4189 823 4260 saonam
837 4195 969 4257 taxatur
983 4193 1025 4257 ab
1039 4194 1175 4279 antiquo
1189 4193 1247 4279 xij.
1264 4213 1400 4262 marcas.
1447 4193 1645 4276 Subsidium,
1657 4194 1721 4278 xvj.
1736 4218 1763 4261 a.

331 4323 377 4388 Et
400 4330 573 4392 onerantur
595 4347 691 4412 super
713 4302 907 4414 compotum¹
928 4330 967 4395 de
992 4329 1051 4415 xij.
1067 4333 1099 4396 ιι.
1124 4331 1165 4397 de
1190 4333 1332 4397 subsidio
1354 4331 1522 4416 cujusdam
1537 4333 1697 4417 porcionis
1711 4353 1741 4396 x.
1757 4355 1784 4399 s.

290 4433 388 4496 quam
403 4414 488 4496 prior
503 4413 543 4478 de
558 4414 700 4480 Pritwell
716 4418 858 4502 percipit
872 4418 908 4482 in
923 4419 1039 4483 eadem
1055 4419 1199 4499 ecelesia,
1215 4420 1369 4484 videlicet
1379 4420 1476 4504 juxta
1490 4419 1637 4492 formam,
1654 4418 1712 4484 dc.

312 4546 377 4648 ”Et
404 4553 579 4650 onerantur
609 4569 706 4635 super
728 4557 920 4655 'compotum
949 4553 990 4617 de
1019 4554 1085 4655 avj.
1116 4556 1148 4619 cl.
1180 4555 1221 4619 de
1252 4556 1397 4621 subsidio
1426 4556 1593 4641 cujusdam
1622 4556 1787 4638 pensionis

288 4653 513 4801 pppdlazppp
536 4636 568 4701 d.
598 4658 695 4721 quam
725 4638 814 4702 rdem
839 4661 926 4724 prror
954 4643 1094 4726 precipit
1121 4643 1157 4706 in
1186 4643 1300 4707 eadem
1330 4644 1475 4725 ecclesia,
1506 4644 1657 4710 videlicet
1689 4642 1787 4728 juxta

286 4857 476 5028 Viiplctrplcsia
490 4860 532 4922 de
556 4860 678 4928 Macris
694 4862 850 4930 Saeuum
865 4868 996 4929 taxatur
1009 4865 1051 4930 ab
1076 4867 1211 4952 antiquo
1236 4868 1281 4936 ix,
1309 4888 1441 4936 marcas.
1487 4869 1687 4951 Subsidium,
1704 4869 1784 4953 ιιι.

331 5081 382 5144 De
410 5082 519 5166 aliquo
548 5084 692 5149 subsidio
721 5085 889 5171 cujusdam
920 5090 1084 5172 pensionis
1112 5091 1149 5174 ij.
1175 5115 1201 5157 a.
1232 5113 1330 5179 quam
1354 5095 1440 5158 idem
1464 5095 1552 5178 prior
1578 5094 1617 5158 de
1642 5093 1786 5159 Pritwell

286 5169 425 5252 percipit
438 5169 474 5233 in
489 5170 601 5234 eadem
624 5172 765 5253 ecclesia,
782 5194 845 5238 non
870 5177 1077 5262 respondent,
1095 5198 1133 5243 eo
1158 5180 1244 5263 quod
1271 5186 1345 5245 taxa
1370 5180 1517 5265 ejusdem
1541 5182 1683 5262 ecclesie,
1708 5201 1782 5246 cum

287 5257 444 5341 pencione
458 5259 612 5341 predicta,
628 5279 694 5324 uon
707 5261 854 5327 extendit
869 5265 911 5328 ad
926 5285 1087 5330 summam
1102 5287 1132 5330 x.
1148 5285 1339 5335 marcarum.

331 5391 477 5494 Ecclesia
503 5391 544 5458 de
564 5393 688 5494 ιιιοιιι
710 5395 902 5465 ιιίιιιιιιιιιιι
925 5403 1058 5466 taxatur
1083 5401 1123 5466 ab
1145 5403 1279 5486 antiquo
1305 5403 1348 5469 ι’.
1366 5423 1487 5468 marcas
1507 5425 1557 5469 ιιι.
1577 5405 1609 5470 ιι.
1632 5400 1779 5493 [added]

288 5476 488 5559 Subsrdrum,
502 5481 622 5564 xiiiJ.a.
639 5483 709 5568 viij.
721 5485 752 5550 d.
776 5482 899 5570 [suriel
914 5485 982 5575 out]
1004 5510 1036 5554 x.
1054 5490 1085 5554 d.
1110 5425 1337 5578 [subclitutcrll
